
<record>
<recordSchema>marcxml</recordSchema>
<recordPacking>xml</recordPacking>
<recordData>
<record xmlns="http://www.loc.gov/MARC21/slim">
    <leader>00000cam a2200000 a 4500</leader>
    <controlfield tag="001">34904065</controlfield>
    <controlfield tag="008">960710s1996    dcua     bs  f000 0 eng  </controlfield>
    <datafield ind1=" " ind2=" " tag="010">
      <subfield code="a">   96167645 </subfield>
    </datafield>
    <datafield ind1=" " ind2=" " tag="040">
      <subfield code="a">DLC</subfield>
      <subfield code="b">eng</subfield>
      <subfield code="c">DLC</subfield>
      <subfield code="d">AGL</subfield>
      <subfield code="d">OCLCQ</subfield>
      <subfield code="d">BTCTA</subfield>
      <subfield code="d">NZPDA</subfield>
      <subfield code="d">OCLCQ</subfield>
      <subfield code="d">OKN</subfield>
      <subfield code="d">OCLCQ</subfield>
      <subfield code="d">OCLCF</subfield>
      <subfield code="d">OCLCA</subfield>
      <subfield code="d">VPI</subfield>
      <subfield code="d">OCLCA</subfield>
    </datafield>
    <datafield ind1="1" ind2=" " tag="029">
      <subfield code="a">AU@</subfield>
      <subfield code="b">000012668546</subfield>
    </datafield>
    <datafield ind1="1" ind2=" " tag="029">
      <subfield code="a">NZ1</subfield>
      <subfield code="b">4517988</subfield>
    </datafield>
    <datafield ind1=" " ind2=" " tag="043">
      <subfield code="a">n-us---</subfield>
    </datafield>
    <datafield ind1="0" ind2="0" tag="050">
      <subfield code="a">HD1751</subfield>
      <subfield code="b">.A91854 no. 732</subfield>
    </datafield>
    <datafield ind1="0" ind2=" " tag="070">
      <subfield code="a">A281.9</subfield>
      <subfield code="b">Ag8A no.732</subfield>
    </datafield>
    <datafield ind1=" " ind2="0" tag="072">
      <subfield code="a">E130</subfield>
    </datafield>
    <datafield ind1=" " ind2="0" tag="072">
      <subfield code="a">Q001</subfield>
    </datafield>
    <datafield ind1="0" ind2="0" tag="082">
      <subfield code="a">338.1/371/0973</subfield>
      <subfield code="2">20</subfield>
    </datafield>
    <datafield ind1="0" ind2="0" tag="082">
      <subfield code="a">338.1 s</subfield>
      <subfield code="a">338.1/371/0973</subfield>
      <subfield code="2">20</subfield>
    </datafield>
    <datafield ind1="0" ind2=" " tag="086">
      <subfield code="a">A 1.107:732</subfield>
    </datafield>
    <datafield ind1="1" ind2=" " tag="100">
      <subfield code="a">Short, Sara D.</subfield>
    </datafield>
    <datafield ind1="1" ind2="0" tag="245">
      <subfield code="a">U.S. milk production costs and returns, 1993 :</subfield>
      <subfield code="b">an economic basebook /</subfield>
      <subfield code="c">Sara D. Short, William D. McBride.</subfield>
    </datafield>
    <datafield ind1="3" ind2=" " tag="246">
      <subfield code="a">US milk production costs and returns, 1993</subfield>
    </datafield>
    <datafield ind1=" " ind2=" " tag="260">
      <subfield code="a">Washington, DC (1301 New York Ave., NW, Washington 20005-4788) :</subfield>
      <subfield code="b">U.S. Dept. of Agriculture, Economic Research Service,</subfield>
      <subfield code="c">[1996]</subfield>
    </datafield>
    <datafield ind1=" " ind2=" " tag="300">
      <subfield code="a">36 pages :</subfield>
      <subfield code="b">illustrations ;</subfield>
      <subfield code="c">28 cm.</subfield>
    </datafield>
    <datafield ind1=" " ind2=" " tag="336">
      <subfield code="a">text</subfield>
      <subfield code="b">txt</subfield>
      <subfield code="2">rdacontent</subfield>
    </datafield>
    <datafield ind1=" " ind2=" " tag="337">
      <subfield code="a">unmediated</subfield>
      <subfield code="b">n</subfield>
      <subfield code="2">rdamedia</subfield>
    </datafield>
    <datafield ind1=" " ind2=" " tag="338">
      <subfield code="a">volume</subfield>
      <subfield code="b">nc</subfield>
      <subfield code="2">rdacarrier</subfield>
    </datafield>
    <datafield ind1="1" ind2=" " tag="490">
      <subfield code="a">Agriculture economic report ;</subfield>
      <subfield code="v">no. 732</subfield>
    </datafield>
    <datafield ind1="1" ind2=" " tag="490">
      <subfield code="a">An Economic Research Service report</subfield>
    </datafield>
    <datafield ind1=" " ind2=" " tag="500">
      <subfield code="a">Cover title.</subfield>
    </datafield>
    <datafield ind1=" " ind2=" " tag="500">
      <subfield code="a">"FCRS, farm costs &amp; returns survey."</subfield>
    </datafield>
    <datafield ind1=" " ind2=" " tag="504">
      <subfield code="a">Includes bibliographical references (page 21).</subfield>
    </datafield>
    <datafield ind1=" " ind2="0" tag="650">
      <subfield code="a">Dairy farming</subfield>
      <subfield code="x">Economic aspects</subfield>
      <subfield code="z">United States.</subfield>
    </datafield>
    <datafield ind1=" " ind2="7" tag="650">
      <subfield code="a">Dairy farming</subfield>
      <subfield code="x">Economic aspects.</subfield>
      <subfield code="2">fast</subfield>
      <subfield code="0">(OCoLC)fst00886889</subfield>
    </datafield>
    <datafield ind1=" " ind2="7" tag="651">
      <subfield code="a">United States.</subfield>
      <subfield code="2">fast</subfield>
      <subfield code="0">(OCoLC)fst01204155</subfield>
    </datafield>
    <datafield ind1="1" ind2=" " tag="700">
      <subfield code="a">McBride, William D.</subfield>
    </datafield>
    <datafield ind1="1" ind2=" " tag="710">
      <subfield code="a">United States.</subfield>
      <subfield code="b">Department of Agriculture.</subfield>
      <subfield code="b">Economic Research Service.</subfield>
    </datafield>
    <datafield ind1=" " ind2="0" tag="830">
      <subfield code="a">Economic Research Service report.</subfield>
    </datafield>
    <datafield ind1=" " ind2="0" tag="830">
      <subfield code="a">Agricultural economic report ;</subfield>
      <subfield code="v">no. 732.</subfield>
    </datafield>
    <datafield ind1=" " ind2=" " tag="938">
      <subfield code="a">Baker and Taylor</subfield>
      <subfield code="b">BTCP</subfield>
      <subfield code="n">96167645</subfield>
    </datafield>
  </record>
</recordData>
</record>