
<record>
<recordSchema>marcxml</recordSchema>
<recordPacking>xml</recordPacking>
<recordData>
<record xmlns="http://www.loc.gov/MARC21/slim">
    <leader>00000cam a2200000Ia 4500</leader>
    <controlfield tag="001">32578186</controlfield>
    <controlfield tag="008">950531s1995    dcua     b   f000 0 eng d</controlfield>
    <datafield ind1=" " ind2=" " tag="040">
      <subfield code="a">MFM</subfield>
      <subfield code="b">eng</subfield>
      <subfield code="c">MFM</subfield>
      <subfield code="d">AGL</subfield>
      <subfield code="d">OCLCQ</subfield>
      <subfield code="d">OCLCG</subfield>
      <subfield code="d">OCLCQ</subfield>
      <subfield code="d">OCLCF</subfield>
      <subfield code="d">OCLCO</subfield>
    </datafield>
    <datafield ind1=" " ind2=" " tag="043">
      <subfield code="a">n-us---</subfield>
    </datafield>
    <datafield ind1="0" ind2=" " tag="070">
      <subfield code="a">1</subfield>
      <subfield code="b">Ag84Te no.1839</subfield>
    </datafield>
    <datafield ind1=" " ind2="0" tag="072">
      <subfield code="a">E700</subfield>
    </datafield>
    <datafield ind1=" " ind2="0" tag="072">
      <subfield code="a">Q001</subfield>
    </datafield>
    <datafield ind1=" " ind2=" " tag="090">
      <subfield code="a">S21</subfield>
      <subfield code="b">.A72 no.1839</subfield>
    </datafield>
    <datafield ind1="1" ind2=" " tag="100">
      <subfield code="a">Sun, Theresa Y.</subfield>
    </datafield>
    <datafield ind1="1" ind2="3" tag="245">
      <subfield code="a">An evaluation of fluid milk and cheese advertising, 1978-93 /</subfield>
      <subfield code="c">Theresa Y. Sun, Noel Blisard, James R. Blaylock.</subfield>
    </datafield>
    <datafield ind1=" " ind2=" " tag="260">
      <subfield code="a">Washington, D.C. :</subfield>
      <subfield code="b">U.S. Dept. of Agriculture, Economic Research Service ;</subfield>
      <subfield code="a">Herndon, VA :</subfield>
      <subfield code="b">ERS-NASS [distributor],</subfield>
      <subfield code="c">[1995]</subfield>
    </datafield>
    <datafield ind1=" " ind2=" " tag="300">
      <subfield code="a">iv, 42 pages :</subfield>
      <subfield code="b">illustrations ;</subfield>
      <subfield code="c">28 cm.</subfield>
    </datafield>
    <datafield ind1=" " ind2=" " tag="336">
      <subfield code="a">text</subfield>
      <subfield code="b">txt</subfield>
      <subfield code="2">rdacontent</subfield>
    </datafield>
    <datafield ind1=" " ind2=" " tag="337">
      <subfield code="a">unmediated</subfield>
      <subfield code="b">n</subfield>
      <subfield code="2">rdamedia</subfield>
    </datafield>
    <datafield ind1=" " ind2=" " tag="338">
      <subfield code="a">volume</subfield>
      <subfield code="b">nc</subfield>
      <subfield code="2">rdacarrier</subfield>
    </datafield>
    <datafield ind1="1" ind2=" " tag="490">
      <subfield code="a">Technical bulletin ;</subfield>
      <subfield code="v">no. 1839</subfield>
    </datafield>
    <datafield ind1=" " ind2=" " tag="500">
      <subfield code="a">Cover title.</subfield>
    </datafield>
    <datafield ind1=" " ind2=" " tag="500">
      <subfield code="a">"February 1995"--Page [i].</subfield>
    </datafield>
    <datafield ind1=" " ind2=" " tag="504">
      <subfield code="a">Includes bibliographical references (pages 35-36).</subfield>
    </datafield>
    <datafield ind1=" " ind2="0" tag="650">
      <subfield code="a">Advertising</subfield>
      <subfield code="x">Food</subfield>
      <subfield code="z">United States.</subfield>
    </datafield>
    <datafield ind1=" " ind2="0" tag="650">
      <subfield code="a">Milk trade</subfield>
      <subfield code="z">United States.</subfield>
    </datafield>
    <datafield ind1=" " ind2="0" tag="650">
      <subfield code="a">Cheese</subfield>
      <subfield code="z">United States</subfield>
      <subfield code="x">Marketing.</subfield>
    </datafield>
    <datafield ind1=" " ind2="0" tag="650">
      <subfield code="a">Food consumption</subfield>
      <subfield code="z">United States.</subfield>
    </datafield>
    <datafield ind1=" " ind2="7" tag="650">
      <subfield code="a">Advertising</subfield>
      <subfield code="x">Food.</subfield>
      <subfield code="2">fast</subfield>
      <subfield code="0">(OCoLC)fst00797643</subfield>
    </datafield>
    <datafield ind1=" " ind2="7" tag="650">
      <subfield code="a">Cheese</subfield>
      <subfield code="x">Marketing.</subfield>
      <subfield code="2">fast</subfield>
      <subfield code="0">(OCoLC)fst00852733</subfield>
    </datafield>
    <datafield ind1=" " ind2="7" tag="650">
      <subfield code="a">Food consumption.</subfield>
      <subfield code="2">fast</subfield>
      <subfield code="0">(OCoLC)fst00930721</subfield>
    </datafield>
    <datafield ind1=" " ind2="7" tag="650">
      <subfield code="a">Milk trade.</subfield>
      <subfield code="2">fast</subfield>
      <subfield code="0">(OCoLC)fst01021713</subfield>
    </datafield>
    <datafield ind1=" " ind2="7" tag="651">
      <subfield code="a">United States.</subfield>
      <subfield code="2">fast</subfield>
      <subfield code="0">(OCoLC)fst01204155</subfield>
    </datafield>
    <datafield ind1="1" ind2=" " tag="700">
      <subfield code="a">Blisard, William Noel.</subfield>
    </datafield>
    <datafield ind1="1" ind2=" " tag="700">
      <subfield code="a">Blaylock, James,</subfield>
      <subfield code="d">1937-</subfield>
    </datafield>
    <datafield ind1="1" ind2=" " tag="710">
      <subfield code="a">United States.</subfield>
      <subfield code="b">Department of Agriculture.</subfield>
      <subfield code="b">Economic Research Service.</subfield>
    </datafield>
    <datafield ind1=" " ind2="0" tag="830">
      <subfield code="a">Technical bulletin (United States. Department of Agriculture) ;</subfield>
      <subfield code="v">no. 1839.</subfield>
    </datafield>
  </record>
</recordData>
</record>