
<record>
<recordSchema>marcxml</recordSchema>
<recordPacking>xml</recordPacking>
<recordData>
<record xmlns="http://www.loc.gov/MARC21/slim">
    <leader>00000cam a2200000Ia 4500</leader>
    <controlfield tag="001">34928958</controlfield>
    <controlfield tag="008">960614s1996    dcua     b   f000 0 eng  </controlfield>
    <datafield ind1=" " ind2=" " tag="040">
      <subfield code="a">AGL</subfield>
      <subfield code="b">eng</subfield>
      <subfield code="c">AGL</subfield>
      <subfield code="d">OCLCQ</subfield>
      <subfield code="d">OCLCO</subfield>
      <subfield code="d">OCLCF</subfield>
      <subfield code="d">OCLCQ</subfield>
      <subfield code="d">OCLCO</subfield>
    </datafield>
    <datafield ind1=" " ind2=" " tag="043">
      <subfield code="a">n-us---</subfield>
    </datafield>
    <datafield ind1=" " ind2="4" tag="050">
      <subfield code="a">HV4505</subfield>
      <subfield code="b">.B87 1996</subfield>
    </datafield>
    <datafield ind1="0" ind2=" " tag="070">
      <subfield code="a">aHV4505.B87</subfield>
      <subfield code="b">1996</subfield>
    </datafield>
    <datafield ind1=" " ind2="0" tag="072">
      <subfield code="a">E560</subfield>
    </datafield>
    <datafield ind1="1" ind2=" " tag="100">
      <subfield code="a">Burt, Martha R.</subfield>
    </datafield>
    <datafield ind1="1" ind2="0" tag="245">
      <subfield code="a">Rural homelessness :</subfield>
      <subfield code="b">focusing on the needs of the rural homeless : what we've learned, what we need to do next : a report on the findings and implications of RECD's rural homelessness conferences /</subfield>
      <subfield code="c">[by Martha R. Burt].</subfield>
    </datafield>
    <datafield ind1="3" ind2="0" tag="246">
      <subfield code="a">Focusing on the needs of the rural homeless</subfield>
    </datafield>
    <datafield ind1=" " ind2=" " tag="260">
      <subfield code="a">Washington, DC :</subfield>
      <subfield code="b">U.S. Dept. of Agriculture, Rural Economic and Community Development,</subfield>
      <subfield code="c">[1996]</subfield>
    </datafield>
    <datafield ind1=" " ind2=" " tag="300">
      <subfield code="a">iv, 37 pages :</subfield>
      <subfield code="b">illustrations ;</subfield>
      <subfield code="c">28 cm</subfield>
    </datafield>
    <datafield ind1=" " ind2=" " tag="336">
      <subfield code="a">text</subfield>
      <subfield code="b">txt</subfield>
      <subfield code="2">rdacontent</subfield>
    </datafield>
    <datafield ind1=" " ind2=" " tag="337">
      <subfield code="a">unmediated</subfield>
      <subfield code="b">n</subfield>
      <subfield code="2">rdamedia</subfield>
    </datafield>
    <datafield ind1=" " ind2=" " tag="338">
      <subfield code="a">volume</subfield>
      <subfield code="b">nc</subfield>
      <subfield code="2">rdacarrier</subfield>
    </datafield>
    <datafield ind1=" " ind2=" " tag="500">
      <subfield code="a">Cover title.</subfield>
    </datafield>
    <datafield ind1=" " ind2=" " tag="500">
      <subfield code="a">"January 1996"--Page 2 of cover.</subfield>
    </datafield>
    <datafield ind1=" " ind2=" " tag="504">
      <subfield code="a">Includes bibliographical references (page 37).</subfield>
    </datafield>
    <datafield ind1=" " ind2="0" tag="650">
      <subfield code="a">Homeless persons</subfield>
      <subfield code="x">Housing</subfield>
      <subfield code="z">United States.</subfield>
    </datafield>
    <datafield ind1=" " ind2="0" tag="650">
      <subfield code="a">Rural poor</subfield>
      <subfield code="x">Housing</subfield>
      <subfield code="z">United States.</subfield>
    </datafield>
    <datafield ind1=" " ind2="0" tag="650">
      <subfield code="a">Homelessness</subfield>
      <subfield code="x">Government policy</subfield>
      <subfield code="z">United States.</subfield>
    </datafield>
    <datafield ind1=" " ind2="0" tag="650">
      <subfield code="a">Housing, Rural</subfield>
      <subfield code="x">Government policy</subfield>
      <subfield code="z">United States.</subfield>
    </datafield>
    <datafield ind1=" " ind2="7" tag="650">
      <subfield code="a">Homeless persons</subfield>
      <subfield code="x">Housing.</subfield>
      <subfield code="2">fast</subfield>
      <subfield code="0">(OCoLC)fst00959460</subfield>
    </datafield>
    <datafield ind1=" " ind2="7" tag="650">
      <subfield code="a">Homelessness</subfield>
      <subfield code="x">Government policy.</subfield>
      <subfield code="2">fast</subfield>
      <subfield code="0">(OCoLC)fst00959550</subfield>
    </datafield>
    <datafield ind1=" " ind2="7" tag="650">
      <subfield code="a">Housing, Rural</subfield>
      <subfield code="x">Government policy.</subfield>
      <subfield code="2">fast</subfield>
      <subfield code="0">(OCoLC)fst00962531</subfield>
    </datafield>
    <datafield ind1=" " ind2="7" tag="650">
      <subfield code="a">Rural poor</subfield>
      <subfield code="x">Housing.</subfield>
      <subfield code="2">fast</subfield>
      <subfield code="0">(OCoLC)fst01101756</subfield>
    </datafield>
    <datafield ind1=" " ind2="7" tag="651">
      <subfield code="a">United States.</subfield>
      <subfield code="2">fast</subfield>
      <subfield code="0">(OCoLC)fst01204155</subfield>
    </datafield>
    <datafield ind1="1" ind2=" " tag="710">
      <subfield code="a">United States.</subfield>
      <subfield code="b">Rural Economic and Community Development.</subfield>
    </datafield>
  </record>
</recordData>
</record>