
<record>
<recordSchema>marcxml</recordSchema>
<recordPacking>xml</recordPacking>
<recordData>
<record xmlns="http://www.loc.gov/MARC21/slim">
    <leader>00000cam a2200000Ia 4500</leader>
    <controlfield tag="001">33315975</controlfield>
    <controlfield tag="008">951017s1995    pauab    b   f000 0 eng  </controlfield>
    <datafield ind1=" " ind2=" " tag="040">
      <subfield code="a">AGL</subfield>
      <subfield code="b">eng</subfield>
      <subfield code="c">AGL</subfield>
      <subfield code="d">ANS</subfield>
      <subfield code="d">AGL</subfield>
      <subfield code="d">UIU</subfield>
      <subfield code="d">AGL</subfield>
      <subfield code="d">OCLCQ</subfield>
      <subfield code="d">OCLCO</subfield>
      <subfield code="d">OCLCF</subfield>
      <subfield code="d">OCLCQ</subfield>
      <subfield code="d">OCLCO</subfield>
    </datafield>
    <datafield ind1=" " ind2=" " tag="043">
      <subfield code="a">n-us---</subfield>
    </datafield>
    <datafield ind1=" " ind2="4" tag="050">
      <subfield code="a">QH541.5.M3</subfield>
      <subfield code="b">F67 1995</subfield>
    </datafield>
    <datafield ind1="0" ind2=" " tag="070">
      <subfield code="a">aQH541.5.M3F67</subfield>
      <subfield code="b">1995</subfield>
    </datafield>
    <datafield ind1=" " ind2="0" tag="072">
      <subfield code="a">F300</subfield>
    </datafield>
    <datafield ind1=" " ind2="0" tag="072">
      <subfield code="a">K001</subfield>
    </datafield>
    <datafield ind1="0" ind2="4" tag="082">
      <subfield code="a">333.9180973</subfield>
      <subfield code="b">F761</subfield>
      <subfield code="2">20</subfield>
    </datafield>
    <datafield ind1="0" ind2="0" tag="245">
      <subfield code="a">Forested wetlands :</subfield>
      <subfield code="b">functions, benefits and the use of best management practices.</subfield>
    </datafield>
    <datafield ind1=" " ind2=" " tag="260">
      <subfield code="a">Radnor, PA :</subfield>
      <subfield code="b">U.S. Dept. of Agriculture, Forest Service, Natural Resources Conservation Service ;</subfield>
      <subfield code="a">[Place of publication not identified] :</subfield>
      <subfield code="b">U.S. Army Corps of Engineers :</subfield>
      <subfield code="b">U.S. Environmental Protection Agency :</subfield>
      <subfield code="b">U.S. Dept. of the Interior, Fish and Wildlife Service,</subfield>
      <subfield code="c">[1995]</subfield>
    </datafield>
    <datafield ind1=" " ind2=" " tag="300">
      <subfield code="a">62 pages :</subfield>
      <subfield code="b">color illustrations, color maps ;</subfield>
      <subfield code="c">28 cm</subfield>
    </datafield>
    <datafield ind1=" " ind2=" " tag="336">
      <subfield code="a">text</subfield>
      <subfield code="b">txt</subfield>
      <subfield code="2">rdacontent</subfield>
    </datafield>
    <datafield ind1=" " ind2=" " tag="337">
      <subfield code="a">unmediated</subfield>
      <subfield code="b">n</subfield>
      <subfield code="2">rdamedia</subfield>
    </datafield>
    <datafield ind1=" " ind2=" " tag="338">
      <subfield code="a">volume</subfield>
      <subfield code="b">nc</subfield>
      <subfield code="2">rdacarrier</subfield>
    </datafield>
    <datafield ind1=" " ind2=" " tag="500">
      <subfield code="a">Cover title.</subfield>
    </datafield>
    <datafield ind1=" " ind2=" " tag="500">
      <subfield code="a">Authors: David J. Welsch [and others].</subfield>
    </datafield>
    <datafield ind1=" " ind2=" " tag="504">
      <subfield code="a">Includes bibliographical references.</subfield>
    </datafield>
    <datafield ind1=" " ind2=" " tag="500">
      <subfield code="a">"NA-PR-01-95."</subfield>
    </datafield>
    <datafield ind1=" " ind2=" " tag="530">
      <subfield code="a">Also available on the Internet.</subfield>
    </datafield>
    <datafield ind1=" " ind2="0" tag="650">
      <subfield code="a">Forest ecology</subfield>
      <subfield code="z">United States.</subfield>
    </datafield>
    <datafield ind1=" " ind2="0" tag="650">
      <subfield code="a">Wetland ecology</subfield>
      <subfield code="z">United States.</subfield>
    </datafield>
    <datafield ind1=" " ind2="7" tag="650">
      <subfield code="a">Forest ecology.</subfield>
      <subfield code="2">fast</subfield>
      <subfield code="0">(OCoLC)fst00932104</subfield>
    </datafield>
    <datafield ind1=" " ind2="7" tag="650">
      <subfield code="a">Wetland ecology.</subfield>
      <subfield code="2">fast</subfield>
      <subfield code="0">(OCoLC)fst01174157</subfield>
    </datafield>
    <datafield ind1=" " ind2="7" tag="651">
      <subfield code="a">United States.</subfield>
      <subfield code="2">fast</subfield>
      <subfield code="0">(OCoLC)fst01204155</subfield>
    </datafield>
    <datafield ind1="1" ind2=" " tag="700">
      <subfield code="a">Welsch, David J.</subfield>
    </datafield>
    <datafield ind1="1" ind2=" " tag="710">
      <subfield code="a">United States.</subfield>
      <subfield code="b">State and Private Forestry.</subfield>
      <subfield code="b">Northeastern Area.</subfield>
    </datafield>
    <datafield ind1="0" ind2="8" tag="776">
      <subfield code="i">Online version:</subfield>
      <subfield code="t">Forested wetlands.</subfield>
      <subfield code="d">Radnor, PA : U.S. Dept. of Agriculture, Forest Service, Natural Resources Conservation Service ; [Place of publication not identified] : U.S. Army Corps of Engineers : U.S. Environmental Protection Agency : U.S. Dept. of the Interior, Fish and Wildlife Service, [1995]</subfield>
      <subfield code="w">(OCoLC)897715281</subfield>
    </datafield>
    <datafield ind1="4" ind2="1" tag="856">
      <subfield code="u">http://www.na.fs.fed.us/spfo/pubs/n_resource/wetlands/index.htm</subfield>
    </datafield>
  </record>
</recordData>
</record>