
<record>
<recordSchema>marcxml</recordSchema>
<recordPacking>xml</recordPacking>
<recordData>
<record xmlns="http://www.loc.gov/MARC21/slim">
    <leader>00000cam a2200000Ia 4500</leader>
    <controlfield tag="001">34980481</controlfield>
    <controlfield tag="007">he bmb024bbca</controlfield>
    <controlfield tag="008">960624s1996    mnuab   bbs  f000 0 eng d</controlfield>
    <datafield ind1=" " ind2=" " tag="040">
      <subfield code="a">GPO</subfield>
      <subfield code="b">eng</subfield>
      <subfield code="c">GPO</subfield>
      <subfield code="d">OCL</subfield>
      <subfield code="d">OCLCQ</subfield>
      <subfield code="d">AGL</subfield>
      <subfield code="d">OCLCQ</subfield>
      <subfield code="d">OCLCF</subfield>
      <subfield code="d">OCLCQ</subfield>
      <subfield code="d">OCLCO</subfield>
      <subfield code="d">OCLCQ</subfield>
    </datafield>
    <datafield ind1=" " ind2=" " tag="019">
      <subfield code="a">1225828211</subfield>
    </datafield>
    <datafield ind1="1" ind2=" " tag="029">
      <subfield code="a">NZ1</subfield>
      <subfield code="b">4722610</subfield>
    </datafield>
    <datafield ind1=" " ind2=" " tag="043">
      <subfield code="a">n-us-mi</subfield>
    </datafield>
    <datafield ind1=" " ind2="4" tag="050">
      <subfield code="a">SD143</subfield>
      <subfield code="b">.U4672 no.170</subfield>
    </datafield>
    <datafield ind1=" " ind2=" " tag="074">
      <subfield code="a">0083-B-05 (MF)</subfield>
    </datafield>
    <datafield ind1="0" ind2=" " tag="086">
      <subfield code="a">A 13.80:NC-170</subfield>
    </datafield>
    <datafield ind1="1" ind2=" " tag="100">
      <subfield code="a">Leatherberry, Earl C.</subfield>
    </datafield>
    <datafield ind1="1" ind2="0" tag="245">
      <subfield code="a">Michigan forest statistics, 1993 /</subfield>
      <subfield code="c">Earl C. Leatherberry and John S. Spencer, Jr.</subfield>
    </datafield>
    <datafield ind1=" " ind2=" " tag="260">
      <subfield code="a">St. Paul, Minn. (1992 Folwell Ave., St. Paul 55108) :</subfield>
      <subfield code="b">U.S. Dept. of Agriculture, Forest Service, North Central Forest Experiment Station,</subfield>
      <subfield code="c">1996.</subfield>
    </datafield>
    <datafield ind1=" " ind2=" " tag="300">
      <subfield code="a">144 pages :</subfield>
      <subfield code="b">illustrations, map ;</subfield>
      <subfield code="c">28 cm.</subfield>
    </datafield>
    <datafield ind1=" " ind2=" " tag="336">
      <subfield code="a">text</subfield>
      <subfield code="b">txt</subfield>
      <subfield code="2">rdacontent</subfield>
    </datafield>
    <datafield ind1=" " ind2=" " tag="337">
      <subfield code="a">microform</subfield>
      <subfield code="b">h</subfield>
      <subfield code="2">rdamedia</subfield>
    </datafield>
    <datafield ind1=" " ind2=" " tag="338">
      <subfield code="a">microfiche</subfield>
      <subfield code="b">he</subfield>
      <subfield code="2">rdacarrier</subfield>
    </datafield>
    <datafield ind1="1" ind2=" " tag="490">
      <subfield code="a">Resource bulletin NC ;</subfield>
      <subfield code="v">170</subfield>
    </datafield>
    <datafield ind1=" " ind2=" " tag="500">
      <subfield code="a">Cover title.</subfield>
    </datafield>
    <datafield ind1=" " ind2=" " tag="500">
      <subfield code="a">Distributed to depository libraries in microfiche.</subfield>
    </datafield>
    <datafield ind1=" " ind2=" " tag="500">
      <subfield code="a">Shipping list no.: 96-0304-M.</subfield>
    </datafield>
    <datafield ind1=" " ind2=" " tag="504">
      <subfield code="a">Includes bibliographical references (pages 26-28).</subfield>
    </datafield>
    <datafield ind1=" " ind2=" " tag="533">
      <subfield code="a">Microfiche.</subfield>
      <subfield code="b">[Washington, D.C.?] :</subfield>
      <subfield code="c">Supt. of Docs., U.S. G.P.O.,</subfield>
      <subfield code="d">[1996].</subfield>
      <subfield code="e">3 microfiches : negative.</subfield>
    </datafield>
    <datafield ind1=" " ind2="0" tag="650">
      <subfield code="a">Forest surveys</subfield>
      <subfield code="z">Michigan.</subfield>
    </datafield>
    <datafield ind1=" " ind2="0" tag="650">
      <subfield code="a">Forests and forestry</subfield>
      <subfield code="z">Michigan</subfield>
      <subfield code="v">Statistics.</subfield>
    </datafield>
    <datafield ind1=" " ind2="0" tag="650">
      <subfield code="a">Timber</subfield>
      <subfield code="z">Michigan</subfield>
      <subfield code="v">Statistics.</subfield>
    </datafield>
    <datafield ind1=" " ind2="7" tag="650">
      <subfield code="a">Forest surveys.</subfield>
      <subfield code="2">fast</subfield>
      <subfield code="0">(OCoLC)fst00932540</subfield>
    </datafield>
    <datafield ind1=" " ind2="7" tag="650">
      <subfield code="a">Forests and forestry.</subfield>
      <subfield code="2">fast</subfield>
      <subfield code="0">(OCoLC)fst00932632</subfield>
    </datafield>
    <datafield ind1=" " ind2="7" tag="650">
      <subfield code="a">Timber.</subfield>
      <subfield code="2">fast</subfield>
      <subfield code="0">(OCoLC)fst01150988</subfield>
    </datafield>
    <datafield ind1=" " ind2="7" tag="651">
      <subfield code="a">Michigan.</subfield>
      <subfield code="2">fast</subfield>
      <subfield code="0">(OCoLC)fst01208387</subfield>
    </datafield>
    <datafield ind1=" " ind2="7" tag="655">
      <subfield code="a">Statistics.</subfield>
      <subfield code="2">fast</subfield>
      <subfield code="0">(OCoLC)fst01423727</subfield>
    </datafield>
    <datafield ind1="1" ind2=" " tag="700">
      <subfield code="a">Spencer, John S.</subfield>
    </datafield>
    <datafield ind1="2" ind2=" " tag="710">
      <subfield code="a">North Central Forest Experiment Station (Saint Paul, Minn.)</subfield>
    </datafield>
    <datafield ind1=" " ind2="0" tag="830">
      <subfield code="a">Resource bulletin NC ;</subfield>
      <subfield code="v">170.</subfield>
    </datafield>
    <datafield ind1="4" ind2="1" tag="856">
      <subfield code="u">http://nrs.fs.fed.us/pubs/rb/rb_nc170.pdf</subfield>
    </datafield>
  </record>
</recordData>
</record>