
<record>
<recordSchema>marcxml</recordSchema>
<recordPacking>xml</recordPacking>
<recordData>
<record xmlns="http://www.loc.gov/MARC21/slim">
    <leader>00000cam a2200000Ia 4500</leader>
    <controlfield tag="001">33487454</controlfield>
    <controlfield tag="008">951116s1995    coua     s   f000 0 eng  </controlfield>
    <datafield ind1=" " ind2=" " tag="040">
      <subfield code="a">AGL</subfield>
      <subfield code="b">eng</subfield>
      <subfield code="c">AGL</subfield>
      <subfield code="d">OCL</subfield>
      <subfield code="d">OCLCQ</subfield>
      <subfield code="d">OCLCO</subfield>
      <subfield code="d">OCLCQ</subfield>
      <subfield code="d">COF</subfield>
      <subfield code="d">OCLCF</subfield>
    </datafield>
    <datafield ind1=" " ind2=" " tag="043">
      <subfield code="a">n-us---</subfield>
    </datafield>
    <datafield ind1=" " ind2="4" tag="050">
      <subfield code="a">SF919.5.I53</subfield>
      <subfield code="b">I54 1995</subfield>
    </datafield>
    <datafield ind1="0" ind2=" " tag="070">
      <subfield code="a">aSF919.5.I53I552</subfield>
      <subfield code="b">1995</subfield>
    </datafield>
    <datafield ind1=" " ind2="0" tag="072">
      <subfield code="a">L810</subfield>
    </datafield>
    <datafield ind1="0" ind2=" " tag="086">
      <subfield code="a">A 101.2/2:IN 5</subfield>
    </datafield>
    <datafield ind1="0" ind2="0" tag="245">
      <subfield code="a">Injection practices in large feedlots /</subfield>
      <subfield code="c">National Animal Health Monitoring System.</subfield>
    </datafield>
    <datafield ind1=" " ind2=" " tag="260">
      <subfield code="a">Fort Collins, Colo. :</subfield>
      <subfield code="b">U.S. Dept. of Agriculture, Animal and Plant Health Inspection Service, Veterinary Services,</subfield>
      <subfield code="c">[1995]</subfield>
    </datafield>
    <datafield ind1=" " ind2=" " tag="300">
      <subfield code="a">1 sheet :</subfield>
      <subfield code="b">illustrations ;</subfield>
      <subfield code="c">28 x 22 cm</subfield>
    </datafield>
    <datafield ind1=" " ind2=" " tag="336">
      <subfield code="a">text</subfield>
      <subfield code="b">txt</subfield>
      <subfield code="2">rdacontent</subfield>
    </datafield>
    <datafield ind1=" " ind2=" " tag="337">
      <subfield code="a">unmediated</subfield>
      <subfield code="b">n</subfield>
      <subfield code="2">rdamedia</subfield>
    </datafield>
    <datafield ind1=" " ind2=" " tag="338">
      <subfield code="a">sheet</subfield>
      <subfield code="b">nb</subfield>
      <subfield code="2">rdacarrier</subfield>
    </datafield>
    <datafield ind1=" " ind2=" " tag="500">
      <subfield code="a">Caption title.</subfield>
    </datafield>
    <datafield ind1=" " ind2=" " tag="500">
      <subfield code="a">"March 1995"--Page [1].</subfield>
    </datafield>
    <datafield ind1=" " ind2=" " tag="500">
      <subfield code="a">"N175.0295"--Page [2].</subfield>
    </datafield>
    <datafield ind1=" " ind2="0" tag="650">
      <subfield code="a">Veterinary injections</subfield>
      <subfield code="z">United States.</subfield>
    </datafield>
    <datafield ind1=" " ind2="0" tag="650">
      <subfield code="a">Veterinary vaccines</subfield>
      <subfield code="z">United States.</subfield>
    </datafield>
    <datafield ind1=" " ind2="0" tag="650">
      <subfield code="a">Beef cattle</subfield>
      <subfield code="z">United States</subfield>
      <subfield code="x">Immunology</subfield>
      <subfield code="v">Statistics.</subfield>
    </datafield>
    <datafield ind1=" " ind2="7" tag="650">
      <subfield code="a">Veterinary injections.</subfield>
      <subfield code="2">fast</subfield>
      <subfield code="0">(OCoLC)fst01165965</subfield>
    </datafield>
    <datafield ind1=" " ind2="7" tag="650">
      <subfield code="a">Veterinary vaccines.</subfield>
      <subfield code="2">fast</subfield>
      <subfield code="0">(OCoLC)fst01166111</subfield>
    </datafield>
    <datafield ind1=" " ind2="7" tag="651">
      <subfield code="a">United States.</subfield>
      <subfield code="2">fast</subfield>
      <subfield code="0">(OCoLC)fst01204155</subfield>
    </datafield>
    <datafield ind1=" " ind2="7" tag="655">
      <subfield code="a">Statistics.</subfield>
      <subfield code="2">fast</subfield>
      <subfield code="0">(OCoLC)fst01423727</subfield>
    </datafield>
    <datafield ind1="2" ind2=" " tag="710">
      <subfield code="a">National Animal Health Monitoring System (U.S.)</subfield>
    </datafield>
    <datafield ind1="0" ind2="8" tag="776">
      <subfield code="i">Online version:</subfield>
      <subfield code="t">Injection practices in large feedlots.</subfield>
      <subfield code="d">Fort Collins, Colo. : U.S. Dept. of Agriculture, Animal and Plant Health Inspection Service, Veterinary Services, [1995]</subfield>
      <subfield code="w">(OCoLC)904050244</subfield>
    </datafield>
  </record>
</recordData>
</record>