
<record>
<recordSchema>marcxml</recordSchema>
<recordPacking>xml</recordPacking>
<recordData>
<record xmlns="http://www.loc.gov/MARC21/slim">
    <leader>00000cas a2200000 a 4500</leader>
    <controlfield tag="001">32178417</controlfield>
    <controlfield tag="008">950321d19922007iauzn p      s0    0eng c</controlfield>
    <datafield ind1=" " ind2=" " tag="010">
      <subfield code="a">sn 96015397 </subfield>
    </datafield>
    <datafield ind1=" " ind2=" " tag="040">
      <subfield code="a">IWA</subfield>
      <subfield code="b">eng</subfield>
      <subfield code="c">IWA</subfield>
      <subfield code="d">AGL</subfield>
      <subfield code="d">OCLCQ</subfield>
      <subfield code="d">AGL</subfield>
      <subfield code="d">OCLCQ</subfield>
      <subfield code="d">OCLCF</subfield>
      <subfield code="d">OCLCO</subfield>
    </datafield>
    <datafield ind1=" " ind2=" " tag="012">
      <subfield code="i">9609</subfield>
    </datafield>
    <datafield ind1="1" ind2=" " tag="029">
      <subfield code="a">AU@</subfield>
      <subfield code="b">000012843888</subfield>
    </datafield>
    <datafield ind1=" " ind2=" " tag="042">
      <subfield code="a">pcc</subfield>
    </datafield>
    <datafield ind1="0" ind2=" " tag="070">
      <subfield code="a">SB950.A1I68</subfield>
    </datafield>
    <datafield ind1=" " ind2="0" tag="072">
      <subfield code="a">F821</subfield>
    </datafield>
    <datafield ind1=" " ind2="0" tag="072">
      <subfield code="a">F830</subfield>
    </datafield>
    <datafield ind1=" " ind2="0" tag="072">
      <subfield code="a">J500</subfield>
    </datafield>
    <datafield ind1=" " ind2="0" tag="072">
      <subfield code="a">F900</subfield>
    </datafield>
    <datafield ind1=" " ind2="0" tag="072">
      <subfield code="a">F100</subfield>
    </datafield>
    <datafield ind1=" " ind2=" " tag="090">
      <subfield code="a">SB599</subfield>
      <subfield code="b">.C761</subfield>
    </datafield>
    <datafield ind1="0" ind2="0" tag="245">
      <subfield code="a">Integrated crop management.</subfield>
    </datafield>
    <datafield ind1=" " ind2=" " tag="260">
      <subfield code="a">Ames, Iowa :</subfield>
      <subfield code="b">Iowa State University Extension</subfield>
    </datafield>
    <datafield ind1=" " ind2=" " tag="300">
      <subfield code="a">v. :</subfield>
      <subfield code="b">ill. ;</subfield>
      <subfield code="c">28 cm.</subfield>
    </datafield>
    <datafield ind1=" " ind2=" " tag="310">
      <subfield code="a">Weekly during the growing season (biweekly or monthly in the off season)</subfield>
    </datafield>
    <datafield ind1="1" ind2=" " tag="362">
      <subfield code="a">Began in Dec. 1992; ceased in Dec. 2007.</subfield>
    </datafield>
    <datafield ind1=" " ind2=" " tag="500">
      <subfield code="a">"IC."</subfield>
    </datafield>
    <datafield ind1=" " ind2=" " tag="530">
      <subfield code="a">Also issued on WWW.</subfield>
    </datafield>
    <datafield ind1=" " ind2=" " tag="588">
      <subfield code="a">Final issue consulted.</subfield>
    </datafield>
    <datafield ind1=" " ind2=" " tag="588">
      <subfield code="a">Description based on: Dec. 18, 1992; title from caption.</subfield>
    </datafield>
    <datafield ind1=" " ind2="0" tag="650">
      <subfield code="a">Pests</subfield>
      <subfield code="x">Integrated control</subfield>
      <subfield code="v">Periodicals.</subfield>
    </datafield>
    <datafield ind1=" " ind2="0" tag="650">
      <subfield code="a">Weeds</subfield>
      <subfield code="x">Control</subfield>
      <subfield code="v">Periodicals.</subfield>
    </datafield>
    <datafield ind1=" " ind2="0" tag="650">
      <subfield code="a">Field crops</subfield>
      <subfield code="v">Periodicals.</subfield>
    </datafield>
    <datafield ind1=" " ind2="0" tag="650">
      <subfield code="a">Plant diseases</subfield>
      <subfield code="v">Periodicals.</subfield>
    </datafield>
    <datafield ind1=" " ind2="7" tag="655">
      <subfield code="a">Periodicals.</subfield>
      <subfield code="2">fast</subfield>
      <subfield code="0">(OCoLC)fst01411641</subfield>
    </datafield>
    <datafield ind1=" " ind2="7" tag="650">
      <subfield code="a">Field crops.</subfield>
      <subfield code="2">fast</subfield>
      <subfield code="0">(OCoLC)fst00923817</subfield>
    </datafield>
    <datafield ind1=" " ind2="7" tag="650">
      <subfield code="a">Pests</subfield>
      <subfield code="x">Integrated control.</subfield>
      <subfield code="2">fast</subfield>
      <subfield code="0">(OCoLC)fst01059145</subfield>
    </datafield>
    <datafield ind1=" " ind2="7" tag="650">
      <subfield code="a">Plant diseases.</subfield>
      <subfield code="2">fast</subfield>
      <subfield code="0">(OCoLC)fst01065378</subfield>
    </datafield>
    <datafield ind1=" " ind2="7" tag="650">
      <subfield code="a">Weeds</subfield>
      <subfield code="x">Control.</subfield>
      <subfield code="2">fast</subfield>
      <subfield code="0">(OCoLC)fst01173363</subfield>
    </datafield>
    <datafield ind1="2" ind2=" " tag="710">
      <subfield code="a">Iowa State University.</subfield>
      <subfield code="b">University Extension.</subfield>
    </datafield>
    <datafield ind1="0" ind2="0" tag="780">
      <subfield code="t">Crops, soils, and pests newsletter</subfield>
      <subfield code="w">(OCoLC)15611827</subfield>
    </datafield>
    <datafield ind1="0" ind2="0" tag="785">
      <subfield code="t">Integrated crop management news</subfield>
      <subfield code="w">(DLC)  2009220368</subfield>
      <subfield code="w">(OCoLC)441942261</subfield>
    </datafield>
    <datafield ind1=" " ind2=" " tag="850">
      <subfield code="a">DNAL</subfield>
    </datafield>
    <datafield ind1="4" ind2=" " tag="856">
      <subfield code="u">http://www.ipm.iastate.edu/ipm/icm/</subfield>
    </datafield>
  </record>
</recordData>
</record>