
<record>
<recordSchema>marcxml</recordSchema>
<recordPacking>xml</recordPacking>
<recordData>
<record xmlns="http://www.loc.gov/MARC21/slim">
    <leader>00000cmm a2200000Ia 4500</leader>
    <controlfield tag="001">34876508</controlfield>
    <controlfield tag="008">960605s1996    dcu     o  d f      eng  </controlfield>
    <datafield ind1=" " ind2=" " tag="040">
      <subfield code="a">AGL</subfield>
      <subfield code="b">eng</subfield>
      <subfield code="c">AGL</subfield>
      <subfield code="d">OCLCQ</subfield>
      <subfield code="d">OCLCO</subfield>
      <subfield code="d">OCLCE</subfield>
      <subfield code="d">OCLCF</subfield>
      <subfield code="d">OCLCO</subfield>
      <subfield code="d">OCLCQ</subfield>
      <subfield code="d">OCLCA</subfield>
    </datafield>
    <datafield ind1=" " ind2=" " tag="019">
      <subfield code="a">855511293</subfield>
    </datafield>
    <datafield ind1=" " ind2=" " tag="043">
      <subfield code="a">n-us---</subfield>
    </datafield>
    <datafield ind1=" " ind2="4" tag="050">
      <subfield code="a">S541</subfield>
      <subfield code="b">.U6528 1996</subfield>
    </datafield>
    <datafield ind1="0" ind2=" " tag="070">
      <subfield code="a">S541.U545</subfield>
      <subfield code="b">1996</subfield>
    </datafield>
    <datafield ind1=" " ind2="0" tag="072">
      <subfield code="a">A500</subfield>
    </datafield>
    <datafield ind1=" " ind2="0" tag="072">
      <subfield code="a">D100</subfield>
    </datafield>
    <datafield ind1="0" ind2="4" tag="082">
      <subfield code="a">630.72</subfield>
    </datafield>
    <datafield ind1="1" ind2=" " tag="110">
      <subfield code="a">United States.</subfield>
      <subfield code="b">General Accounting Office.</subfield>
    </datafield>
    <datafield ind1="1" ind2="0" tag="245">
      <subfield code="a">Agricultural research :</subfield>
      <subfield code="b">information on research system and USDA's priority setting : report to Congressional requestors /</subfield>
      <subfield code="c">United States General Accounting Office.</subfield>
    </datafield>
    <datafield ind1="3" ind2="0" tag="246">
      <subfield code="a">Information on research system and USDA's priority setting</subfield>
    </datafield>
    <datafield ind1=" " ind2=" " tag="260">
      <subfield code="a">Washington, D.C. :</subfield>
      <subfield code="b">The Office,</subfield>
      <subfield code="c">[1996]</subfield>
    </datafield>
    <datafield ind1=" " ind2=" " tag="538">
      <subfield code="a">Mode of access: WWW browser; requires PDF file reader to view publication.</subfield>
    </datafield>
    <datafield ind1=" " ind2=" " tag="516">
      <subfield code="a">Text (electronic publication).</subfield>
    </datafield>
    <datafield ind1=" " ind2=" " tag="500">
      <subfield code="a">Caption title.</subfield>
    </datafield>
    <datafield ind1=" " ind2=" " tag="500">
      <subfield code="a">"March 1996."</subfield>
    </datafield>
    <datafield ind1=" " ind2=" " tag="530">
      <subfield code="a">Also available in paper.</subfield>
    </datafield>
    <datafield ind1=" " ind2=" " tag="504">
      <subfield code="a">Includes bibliographical references.</subfield>
    </datafield>
    <datafield ind1=" " ind2=" " tag="500">
      <subfield code="a">"GAO/RCED-96-92."</subfield>
    </datafield>
    <datafield ind1=" " ind2=" " tag="500">
      <subfield code="a">"B-271250."</subfield>
    </datafield>
    <datafield ind1="1" ind2="0" tag="610">
      <subfield code="a">United States.</subfield>
      <subfield code="b">Agricultural Research Service.</subfield>
    </datafield>
    <datafield ind1="1" ind2="0" tag="610">
      <subfield code="a">United States.</subfield>
      <subfield code="b">Cooperative State Research, Education, and Extension Service.</subfield>
    </datafield>
    <datafield ind1=" " ind2="0" tag="650">
      <subfield code="a">Agriculture</subfield>
      <subfield code="x">Research</subfield>
      <subfield code="z">United States.</subfield>
    </datafield>
    <datafield ind1="1" ind2="7" tag="610">
      <subfield code="a">United States.</subfield>
      <subfield code="b">Agricultural Research Service.</subfield>
      <subfield code="2">fast</subfield>
      <subfield code="0">(OCoLC)fst00537027</subfield>
    </datafield>
    <datafield ind1="1" ind2="7" tag="610">
      <subfield code="a">United States.</subfield>
      <subfield code="b">Cooperative State Research, Education, and Extension Service.</subfield>
      <subfield code="2">fast</subfield>
      <subfield code="0">(OCoLC)fst00708076</subfield>
    </datafield>
    <datafield ind1=" " ind2="7" tag="650">
      <subfield code="a">Agriculture</subfield>
      <subfield code="x">Research.</subfield>
      <subfield code="2">fast</subfield>
      <subfield code="0">(OCoLC)fst00801593</subfield>
    </datafield>
    <datafield ind1=" " ind2="7" tag="651">
      <subfield code="a">United States.</subfield>
      <subfield code="2">fast</subfield>
      <subfield code="0">(OCoLC)fst01204155</subfield>
    </datafield>
    <datafield ind1="1" ind2=" " tag="776">
      <subfield code="t">Agricultural research</subfield>
      <subfield code="w">(OCoLC)34709381</subfield>
    </datafield>
    <datafield ind1="4" ind2="0" tag="856">
      <subfield code="3">Google</subfield>
      <subfield code="u">http://books.google.com/books?id=DAE6AQAAMAAJ</subfield>
    </datafield>
    <datafield ind1="4" ind2="0" tag="856">
      <subfield code="3">HathiTrust Digital Library, Full view</subfield>
      <subfield code="u">http://catalog.hathitrust.org/api/volumes/oclc/34709381.html</subfield>
    </datafield>
    <datafield ind1="4" ind2=" " tag="856">
      <subfield code="u">http://www.access.gpo.gov/su_docs/aces/aces160.shtml</subfield>
    </datafield>
  </record>
</recordData>
</record>