
<record>
<recordSchema>marcxml</recordSchema>
<recordPacking>xml</recordPacking>
<recordData>
<record xmlns="http://www.loc.gov/MARC21/slim">
    <leader>00000cam a2200000 a 4500</leader>
    <controlfield tag="001">33886186</controlfield>
    <controlfield tag="008">951211s1995    dcua     b   f001 0 eng d</controlfield>
    <datafield ind1=" " ind2=" " tag="010">
      <subfield code="a">   96125977 </subfield>
    </datafield>
    <datafield ind1=" " ind2=" " tag="040">
      <subfield code="a">OkMiC</subfield>
      <subfield code="b">eng</subfield>
      <subfield code="c">DLC</subfield>
      <subfield code="d">OK1</subfield>
      <subfield code="d">GPO</subfield>
      <subfield code="d">GAO</subfield>
      <subfield code="d">AGL</subfield>
      <subfield code="d">OCLCQ</subfield>
      <subfield code="d">BTCTA</subfield>
      <subfield code="d">UBY</subfield>
      <subfield code="d">OCLCO</subfield>
      <subfield code="d">OCLCA</subfield>
      <subfield code="d">IAD</subfield>
      <subfield code="d">OCLCA</subfield>
      <subfield code="d">OCLCF</subfield>
      <subfield code="d">OCLCQ</subfield>
      <subfield code="d">OCLCA</subfield>
      <subfield code="d">AGM</subfield>
    </datafield>
    <datafield ind1=" " ind2=" " tag="020">
      <subfield code="a">016042660X</subfield>
    </datafield>
    <datafield ind1=" " ind2=" " tag="020">
      <subfield code="a">9780160426605</subfield>
    </datafield>
    <datafield ind1=" " ind2=" " tag="037">
      <subfield code="a">001-000-04621-7</subfield>
      <subfield code="b">GPO</subfield>
    </datafield>
    <datafield ind1=" " ind2=" " tag="042">
      <subfield code="a">lccopycat</subfield>
    </datafield>
    <datafield ind1=" " ind2=" " tag="043">
      <subfield code="a">n-us---</subfield>
    </datafield>
    <datafield ind1="0" ind2="0" tag="050">
      <subfield code="a">KF6495.A47</subfield>
      <subfield code="b">F67 1995</subfield>
    </datafield>
    <datafield ind1="1" ind2="4" tag="050">
      <subfield code="a">S21 .A37 A3x no.708</subfield>
    </datafield>
    <datafield ind1="0" ind2=" " tag="070">
      <subfield code="a">1</subfield>
      <subfield code="b">Ag84Ah no. 708</subfield>
    </datafield>
    <datafield ind1=" " ind2="0" tag="072">
      <subfield code="a">K200</subfield>
    </datafield>
    <datafield ind1=" " ind2=" " tag="074">
      <subfield code="a">0003</subfield>
    </datafield>
    <datafield ind1="0" ind2="4" tag="082">
      <subfield code="a">336.225</subfield>
      <subfield code="b">F76</subfield>
    </datafield>
    <datafield ind1="0" ind2=" " tag="086">
      <subfield code="a">A 1.76:708</subfield>
    </datafield>
    <datafield ind1="0" ind2="0" tag="245">
      <subfield code="a">Forest owners' guide to the federal income tax /</subfield>
      <subfield code="c">William C. Siegel [and others].</subfield>
    </datafield>
    <datafield ind1=" " ind2=" " tag="260">
      <subfield code="a">Washington, DC :</subfield>
      <subfield code="b">U.S. Dept. of Agriculture, Forest Service :</subfield>
      <subfield code="b">For sale by U.S. G.P.O., Supt. of Docs. [distributor],</subfield>
      <subfield code="c">1995.</subfield>
    </datafield>
    <datafield ind1=" " ind2=" " tag="300">
      <subfield code="a">x, 138 pages :</subfield>
      <subfield code="b">illustrations ;</subfield>
      <subfield code="c">28 cm.</subfield>
    </datafield>
    <datafield ind1=" " ind2=" " tag="336">
      <subfield code="a">text</subfield>
      <subfield code="b">txt</subfield>
      <subfield code="2">rdacontent</subfield>
    </datafield>
    <datafield ind1=" " ind2=" " tag="337">
      <subfield code="a">unmediated</subfield>
      <subfield code="b">n</subfield>
      <subfield code="2">rdamedia</subfield>
    </datafield>
    <datafield ind1=" " ind2=" " tag="338">
      <subfield code="a">volume</subfield>
      <subfield code="b">nc</subfield>
      <subfield code="2">rdacarrier</subfield>
    </datafield>
    <datafield ind1="1" ind2=" " tag="490">
      <subfield code="a">Agriculture handbook ;</subfield>
      <subfield code="v">no. 708</subfield>
    </datafield>
    <datafield ind1=" " ind2=" " tag="500">
      <subfield code="a">"Supersedes 'Forest owners' guide to timber investments, the federal income tax, and tax recordkeeping," Agriculture handbook no. 681, issued July 1989."</subfield>
    </datafield>
    <datafield ind1=" " ind2=" " tag="500">
      <subfield code="a">"October 1995."</subfield>
    </datafield>
    <datafield ind1=" " ind2=" " tag="504">
      <subfield code="a">Includes bibliographical references and indexes.</subfield>
    </datafield>
    <datafield ind1=" " ind2="0" tag="650">
      <subfield code="a">Forests and forestry</subfield>
      <subfield code="x">Taxation</subfield>
      <subfield code="x">Law and legislation</subfield>
      <subfield code="z">United States.</subfield>
    </datafield>
    <datafield ind1=" " ind2="7" tag="650">
      <subfield code="a">Forests and forestry</subfield>
      <subfield code="x">Taxation</subfield>
      <subfield code="x">Law and legislation.</subfield>
      <subfield code="2">fast</subfield>
      <subfield code="0">(OCoLC)fst00932772</subfield>
    </datafield>
    <datafield ind1=" " ind2="7" tag="651">
      <subfield code="a">United States.</subfield>
      <subfield code="2">fast</subfield>
      <subfield code="0">(OCoLC)fst01204155</subfield>
    </datafield>
    <datafield ind1=" " ind2="3" tag="650">
      <subfield code="a">Private forestry.</subfield>
    </datafield>
    <datafield ind1=" " ind2="3" tag="650">
      <subfield code="a">Forest management.</subfield>
    </datafield>
    <datafield ind1=" " ind2="3" tag="650">
      <subfield code="a">Income tax.</subfield>
    </datafield>
    <datafield ind1=" " ind2="3" tag="650">
      <subfield code="a">Investment planning.</subfield>
    </datafield>
    <datafield ind1="1" ind2=" " tag="700">
      <subfield code="a">Siegel, William C.</subfield>
    </datafield>
    <datafield ind1="1" ind2=" " tag="710">
      <subfield code="a">United States.</subfield>
      <subfield code="b">Forest Service.</subfield>
    </datafield>
    <datafield ind1="0" ind2="8" tag="776">
      <subfield code="i">Online version:</subfield>
      <subfield code="t">Forest owners' guide to the federal income tax.</subfield>
      <subfield code="d">Washington, DC : U.S. Dept. of Agriculture, Forest Service : For sale by U.S. G.P.O., Supt. of Docs. [distributor], 1995</subfield>
      <subfield code="w">(OCoLC)989689205</subfield>
    </datafield>
    <datafield ind1=" " ind2="0" tag="830">
      <subfield code="a">Agriculture handbook (United States. Department of Agriculture) ;</subfield>
      <subfield code="v">no. 708.</subfield>
    </datafield>
    <datafield ind1=" " ind2=" " tag="938">
      <subfield code="a">Baker and Taylor</subfield>
      <subfield code="b">BTCP</subfield>
      <subfield code="n">96125977</subfield>
    </datafield>
  </record>
</recordData>
</record>