
<record>
<recordSchema>marcxml</recordSchema>
<recordPacking>xml</recordPacking>
<recordData>
<record xmlns="http://www.loc.gov/MARC21/slim">
    <leader>00000cam a2200000Ia 4500</leader>
    <controlfield tag="001">34325943</controlfield>
    <controlfield tag="008">960307s1996    meua   e b   s000 0 eng d</controlfield>
    <datafield ind1=" " ind2=" " tag="040">
      <subfield code="a">MEA</subfield>
      <subfield code="b">eng</subfield>
      <subfield code="c">MEA</subfield>
      <subfield code="d">AGL</subfield>
      <subfield code="d">OCLCQ</subfield>
      <subfield code="d">OCLCF</subfield>
      <subfield code="d">OCLCQ</subfield>
      <subfield code="d">OCLCO</subfield>
      <subfield code="d">LLR</subfield>
      <subfield code="d">OCLCA</subfield>
    </datafield>
    <datafield ind1=" " ind2=" " tag="043">
      <subfield code="a">n-us-me</subfield>
    </datafield>
    <datafield ind1="0" ind2=" " tag="070">
      <subfield code="a">S541.5.M2M57</subfield>
      <subfield code="b">no.398</subfield>
    </datafield>
    <datafield ind1=" " ind2="0" tag="072">
      <subfield code="a">P200</subfield>
    </datafield>
    <datafield ind1=" " ind2="4" tag="082">
      <subfield code="a">333.9115</subfield>
      <subfield code="b">M621w, 1996</subfield>
    </datafield>
    <datafield ind1="1" ind2=" " tag="100">
      <subfield code="a">Michael, Holly J.</subfield>
    </datafield>
    <datafield ind1="1" ind2="0" tag="245">
      <subfield code="a">Water quality affects property prices :</subfield>
      <subfield code="b">a case study of selected Maine lakes /</subfield>
      <subfield code="c">Holly J. Michael, Kevin J. Boyle, Roy Bouchard.</subfield>
    </datafield>
    <datafield ind1=" " ind2=" " tag="260">
      <subfield code="a">Orono, Me. :</subfield>
      <subfield code="b">Maine Agricultural and Forest Experiment Station, University of Maine,</subfield>
      <subfield code="c">[1996]</subfield>
    </datafield>
    <datafield ind1=" " ind2=" " tag="300">
      <subfield code="a">16 pages :</subfield>
      <subfield code="b">illustrations ;</subfield>
      <subfield code="c">28 cm.</subfield>
    </datafield>
    <datafield ind1=" " ind2=" " tag="336">
      <subfield code="a">text</subfield>
      <subfield code="b">txt</subfield>
      <subfield code="2">rdacontent</subfield>
    </datafield>
    <datafield ind1=" " ind2=" " tag="337">
      <subfield code="a">unmediated</subfield>
      <subfield code="b">n</subfield>
      <subfield code="2">rdamedia</subfield>
    </datafield>
    <datafield ind1=" " ind2=" " tag="338">
      <subfield code="a">volume</subfield>
      <subfield code="b">nc</subfield>
      <subfield code="2">rdacarrier</subfield>
    </datafield>
    <datafield ind1="1" ind2=" " tag="490">
      <subfield code="a">Miscellaneous report,</subfield>
      <subfield code="x">1070-1516 ;</subfield>
      <subfield code="v">398</subfield>
    </datafield>
    <datafield ind1=" " ind2=" " tag="500">
      <subfield code="a">"February 1996"--Cover.</subfield>
    </datafield>
    <datafield ind1=" " ind2=" " tag="504">
      <subfield code="a">Includes bibliographical references (page 12).</subfield>
    </datafield>
    <datafield ind1=" " ind2=" " tag="530">
      <subfield code="a">Also available online.</subfield>
    </datafield>
    <datafield ind1=" " ind2="0" tag="650">
      <subfield code="a">Water quality management</subfield>
      <subfield code="z">Maine.</subfield>
    </datafield>
    <datafield ind1=" " ind2="0" tag="650">
      <subfield code="a">Water resources development</subfield>
      <subfield code="z">Maine.</subfield>
    </datafield>
    <datafield ind1=" " ind2="0" tag="650">
      <subfield code="a">Real property</subfield>
      <subfield code="x">Valuation</subfield>
      <subfield code="z">Maine.</subfield>
    </datafield>
    <datafield ind1=" " ind2="0" tag="650">
      <subfield code="a">Lakeshore development</subfield>
      <subfield code="z">Maine.</subfield>
    </datafield>
    <datafield ind1=" " ind2="0" tag="650">
      <subfield code="a">Lakes</subfield>
      <subfield code="z">Maine.</subfield>
    </datafield>
    <datafield ind1=" " ind2="7" tag="650">
      <subfield code="a">Lakes.</subfield>
      <subfield code="2">fast</subfield>
      <subfield code="0">(OCoLC)fst00990901</subfield>
    </datafield>
    <datafield ind1=" " ind2="7" tag="650">
      <subfield code="a">Lakeshore development.</subfield>
      <subfield code="2">fast</subfield>
      <subfield code="0">(OCoLC)fst00990946</subfield>
    </datafield>
    <datafield ind1=" " ind2="7" tag="650">
      <subfield code="a">Real property</subfield>
      <subfield code="x">Valuation.</subfield>
      <subfield code="2">fast</subfield>
      <subfield code="0">(OCoLC)fst01091157</subfield>
    </datafield>
    <datafield ind1=" " ind2="7" tag="650">
      <subfield code="a">Water quality management.</subfield>
      <subfield code="2">fast</subfield>
      <subfield code="0">(OCoLC)fst01171900</subfield>
    </datafield>
    <datafield ind1=" " ind2="7" tag="650">
      <subfield code="a">Water resources development.</subfield>
      <subfield code="2">fast</subfield>
      <subfield code="0">(OCoLC)fst01171955</subfield>
    </datafield>
    <datafield ind1=" " ind2="7" tag="651">
      <subfield code="a">Maine.</subfield>
      <subfield code="2">fast</subfield>
      <subfield code="0">(OCoLC)fst01204270</subfield>
    </datafield>
    <datafield ind1="1" ind2=" " tag="700">
      <subfield code="a">Boyle, Kevin J.</subfield>
    </datafield>
    <datafield ind1="1" ind2=" " tag="700">
      <subfield code="a">Bouchard, Roy.</subfield>
    </datafield>
    <datafield ind1=" " ind2="0" tag="830">
      <subfield code="a">Miscellaneous report (Maine Agricultural and Forest Experiment Station) ;</subfield>
      <subfield code="v">398.</subfield>
    </datafield>
    <datafield ind1="4" ind2="1" tag="856">
      <subfield code="z">Law and Legislative Digital Library</subfield>
      <subfield code="u">http://lldc.mainelegislature.org/Open/Rpts/hd243_m2m53_1996.pdf</subfield>
    </datafield>
  </record>
</recordData>
</record>