
<record>
<recordSchema>marcxml</recordSchema>
<recordPacking>xml</recordPacking>
<recordData>
<record xmlns="http://www.loc.gov/MARC21/slim">
    <leader>00000cam a2200000Ia 4500</leader>
    <controlfield tag="001">33487446</controlfield>
    <controlfield tag="008">951116s1995    coua     s   f000 0 eng  </controlfield>
    <datafield ind1=" " ind2=" " tag="040">
      <subfield code="a">AGL</subfield>
      <subfield code="b">eng</subfield>
      <subfield code="c">AGL</subfield>
      <subfield code="d">OCL</subfield>
      <subfield code="d">OCLCQ</subfield>
      <subfield code="d">OCLCO</subfield>
      <subfield code="d">OCLCF</subfield>
      <subfield code="d">OCLCQ</subfield>
      <subfield code="d">OCLCO</subfield>
      <subfield code="d">COF</subfield>
      <subfield code="d">OCLCA</subfield>
    </datafield>
    <datafield ind1=" " ind2=" " tag="043">
      <subfield code="a">n-us---</subfield>
    </datafield>
    <datafield ind1=" " ind2="4" tag="050">
      <subfield code="a">SF967.R47</subfield>
      <subfield code="b">V32 1995</subfield>
    </datafield>
    <datafield ind1="0" ind2=" " tag="070">
      <subfield code="a">aSF967.R47V33</subfield>
      <subfield code="b">1995</subfield>
    </datafield>
    <datafield ind1=" " ind2="0" tag="072">
      <subfield code="a">L810</subfield>
    </datafield>
    <datafield ind1="0" ind2=" " tag="086">
      <subfield code="a">A 101.2/2:V 13</subfield>
    </datafield>
    <datafield ind1="0" ind2="0" tag="245">
      <subfield code="a">Vaccination practices for respiratory pathogens in U.S. feedlots /</subfield>
      <subfield code="c">National Animal Health Monitoring System.</subfield>
    </datafield>
    <datafield ind1=" " ind2=" " tag="260">
      <subfield code="a">Fort Collins, Colo. :</subfield>
      <subfield code="b">U.S. Dept. of Agriculture, Animal and Plant Health Inspection Service, Veterinary Services,</subfield>
      <subfield code="c">[1995]</subfield>
    </datafield>
    <datafield ind1=" " ind2=" " tag="300">
      <subfield code="a">1 sheet :</subfield>
      <subfield code="b">1 illustration ;</subfield>
      <subfield code="c">28 x 22 cm</subfield>
    </datafield>
    <datafield ind1=" " ind2=" " tag="336">
      <subfield code="a">text</subfield>
      <subfield code="b">txt</subfield>
      <subfield code="2">rdacontent</subfield>
    </datafield>
    <datafield ind1=" " ind2=" " tag="337">
      <subfield code="a">unmediated</subfield>
      <subfield code="b">n</subfield>
      <subfield code="2">rdamedia</subfield>
    </datafield>
    <datafield ind1=" " ind2=" " tag="338">
      <subfield code="a">sheet</subfield>
      <subfield code="b">nb</subfield>
      <subfield code="2">rdacarrier</subfield>
    </datafield>
    <datafield ind1=" " ind2=" " tag="500">
      <subfield code="a">Caption title.</subfield>
    </datafield>
    <datafield ind1=" " ind2=" " tag="500">
      <subfield code="a">"March 1995"--Page [1].</subfield>
    </datafield>
    <datafield ind1=" " ind2=" " tag="500">
      <subfield code="a">"N176.0295"--Page [2].</subfield>
    </datafield>
    <datafield ind1=" " ind2="0" tag="650">
      <subfield code="a">Respiratory organs</subfield>
      <subfield code="x">Diseases</subfield>
      <subfield code="x">Prevention.</subfield>
    </datafield>
    <datafield ind1=" " ind2="0" tag="650">
      <subfield code="a">Cattle</subfield>
      <subfield code="x">Vaccination</subfield>
      <subfield code="z">United States</subfield>
      <subfield code="v">Statistics.</subfield>
    </datafield>
    <datafield ind1=" " ind2="0" tag="650">
      <subfield code="a">Cattle</subfield>
      <subfield code="x">Diseases</subfield>
      <subfield code="z">United States</subfield>
      <subfield code="x">Prevention.</subfield>
    </datafield>
    <datafield ind1=" " ind2="7" tag="650">
      <subfield code="a">Cattle</subfield>
      <subfield code="x">Diseases</subfield>
      <subfield code="x">Prevention.</subfield>
      <subfield code="2">fast</subfield>
      <subfield code="0">(OCoLC)fst00849513</subfield>
    </datafield>
    <datafield ind1=" " ind2="7" tag="650">
      <subfield code="a">Cattle</subfield>
      <subfield code="x">Vaccination.</subfield>
      <subfield code="2">fast</subfield>
      <subfield code="0">(OCoLC)fst00849693</subfield>
    </datafield>
    <datafield ind1=" " ind2="7" tag="650">
      <subfield code="a">Respiratory organs</subfield>
      <subfield code="x">Diseases</subfield>
      <subfield code="x">Prevention.</subfield>
      <subfield code="2">fast</subfield>
      <subfield code="0">(OCoLC)fst01095786</subfield>
    </datafield>
    <datafield ind1=" " ind2="7" tag="651">
      <subfield code="a">United States.</subfield>
      <subfield code="2">fast</subfield>
      <subfield code="0">(OCoLC)fst01204155</subfield>
    </datafield>
    <datafield ind1=" " ind2="7" tag="655">
      <subfield code="a">Statistics.</subfield>
      <subfield code="2">fast</subfield>
      <subfield code="0">(OCoLC)fst01423727</subfield>
    </datafield>
    <datafield ind1="2" ind2=" " tag="710">
      <subfield code="a">National Animal Health Monitoring System (U.S.)</subfield>
    </datafield>
    <datafield ind1="0" ind2="8" tag="776">
      <subfield code="i">Online version:</subfield>
      <subfield code="t">Vaccination practices for respiratory pathogens in U.S. feedlots.</subfield>
      <subfield code="d">Fort Collins, Colo. : U.S. Dept. of Agriculture, Animal and Plant Health Inspection Service, Veterinary Services, [1995]</subfield>
      <subfield code="w">(OCoLC)904050514</subfield>
    </datafield>
  </record>
</recordData>
</record>