
<record>
<recordSchema>marcxml</recordSchema>
<recordPacking>xml</recordPacking>
<recordData>
<record xmlns="http://www.loc.gov/MARC21/slim">
    <leader>00000cam a2200000Ia 4500</leader>
    <controlfield tag="001">35817670</controlfield>
    <controlfield tag="007">he bmb024bbca</controlfield>
    <controlfield tag="008">961030s1995    mnu     bb   f000 0 eng d</controlfield>
    <datafield ind1=" " ind2=" " tag="040">
      <subfield code="a">GPO</subfield>
      <subfield code="b">eng</subfield>
      <subfield code="c">GPO</subfield>
      <subfield code="d">OCLCQ</subfield>
      <subfield code="d">OCLCF</subfield>
      <subfield code="d">OCLCQ</subfield>
      <subfield code="d">OCLCO</subfield>
      <subfield code="d">OCLCQ</subfield>
      <subfield code="d">TKN</subfield>
      <subfield code="d">OCLCA</subfield>
    </datafield>
    <datafield ind1=" " ind2=" " tag="043">
      <subfield code="a">n-us-mn</subfield>
    </datafield>
    <datafield ind1=" " ind2="4" tag="050">
      <subfield code="a">SD11.E26</subfield>
      <subfield code="b">P3 no.NC-326</subfield>
    </datafield>
    <datafield ind1=" " ind2=" " tag="074">
      <subfield code="a">0083-B (MF)</subfield>
    </datafield>
    <datafield ind1="0" ind2=" " tag="086">
      <subfield code="a">A 13.78:NC-326</subfield>
    </datafield>
    <datafield ind1="1" ind2=" " tag="100">
      <subfield code="a">Buech, Richard R.</subfield>
    </datafield>
    <datafield ind1="1" ind2="0" tag="245">
      <subfield code="a">Biomass of food available to beavers on five Minnesota shrubs /</subfield>
      <subfield code="c">Richard R. Buech and David J. Rugg.</subfield>
    </datafield>
    <datafield ind1=" " ind2=" " tag="260">
      <subfield code="a">St. Paul, Minn. (1992 Folwell Ave., St. Paul 55108) :</subfield>
      <subfield code="b">U.S. Dept. of Agriculture, Forest Service, North Central Forest Experiment Station,</subfield>
      <subfield code="c">1995.</subfield>
    </datafield>
    <datafield ind1=" " ind2=" " tag="300">
      <subfield code="a">5 pages ;</subfield>
      <subfield code="c">28 cm.</subfield>
    </datafield>
    <datafield ind1=" " ind2=" " tag="336">
      <subfield code="a">text</subfield>
      <subfield code="b">txt</subfield>
      <subfield code="2">rdacontent</subfield>
    </datafield>
    <datafield ind1=" " ind2=" " tag="337">
      <subfield code="a">microform</subfield>
      <subfield code="b">h</subfield>
      <subfield code="2">rdamedia</subfield>
    </datafield>
    <datafield ind1=" " ind2=" " tag="338">
      <subfield code="a">microfiche</subfield>
      <subfield code="b">he</subfield>
      <subfield code="2">rdacarrier</subfield>
    </datafield>
    <datafield ind1="1" ind2=" " tag="490">
      <subfield code="a">Research paper NC ;</subfield>
      <subfield code="v">326</subfield>
    </datafield>
    <datafield ind1=" " ind2=" " tag="500">
      <subfield code="a">Distributed to depository libraries in microfiche.</subfield>
    </datafield>
    <datafield ind1=" " ind2=" " tag="500">
      <subfield code="a">Shipping list no.: 96-0371-M.</subfield>
    </datafield>
    <datafield ind1=" " ind2=" " tag="504">
      <subfield code="a">Includes bibliographical references (pages 3-4).</subfield>
    </datafield>
    <datafield ind1=" " ind2=" " tag="533">
      <subfield code="a">Microfiche.</subfield>
      <subfield code="b">[Washington, D.C.?] :</subfield>
      <subfield code="c">Supt. of Docs., U.S. G.P.O.,</subfield>
      <subfield code="d">[1996].</subfield>
      <subfield code="e">1 microfiche : negative.</subfield>
    </datafield>
    <datafield ind1=" " ind2="0" tag="650">
      <subfield code="a">Beavers</subfield>
      <subfield code="x">Food</subfield>
      <subfield code="z">Minnesota.</subfield>
    </datafield>
    <datafield ind1=" " ind2="0" tag="650">
      <subfield code="a">Plant biomass</subfield>
      <subfield code="z">Minnesota</subfield>
      <subfield code="x">Measurement.</subfield>
    </datafield>
    <datafield ind1=" " ind2="7" tag="650">
      <subfield code="a">Beavers</subfield>
      <subfield code="x">Food.</subfield>
      <subfield code="2">fast</subfield>
      <subfield code="0">(OCoLC)fst00829427</subfield>
    </datafield>
    <datafield ind1=" " ind2="7" tag="650">
      <subfield code="a">Plant biomass</subfield>
      <subfield code="x">Measurement.</subfield>
      <subfield code="2">fast</subfield>
      <subfield code="0">(OCoLC)fst01065276</subfield>
    </datafield>
    <datafield ind1=" " ind2="7" tag="651">
      <subfield code="a">Minnesota.</subfield>
      <subfield code="2">fast</subfield>
      <subfield code="0">(OCoLC)fst01204560</subfield>
    </datafield>
    <datafield ind1="1" ind2=" " tag="700">
      <subfield code="a">Rugg, David J.</subfield>
    </datafield>
    <datafield ind1="2" ind2=" " tag="710">
      <subfield code="a">North Central Forest Experiment Station (Saint Paul, Minn.)</subfield>
    </datafield>
    <datafield ind1=" " ind2="0" tag="830">
      <subfield code="a">Research paper NC ;</subfield>
      <subfield code="v">326.</subfield>
    </datafield>
  </record>
</recordData>
</record>