
<record>
<recordSchema>marcxml</recordSchema>
<recordPacking>xml</recordPacking>
<recordData>
<record xmlns="http://www.loc.gov/MARC21/slim">
    <leader>00000cas a2200000 a 4500</leader>
    <controlfield tag="001">33979727</controlfield>
    <controlfield tag="006">m     o  d f      </controlfield>
    <controlfield tag="007">cr cn|||||||||</controlfield>
    <controlfield tag="008">960102c19959999caubr pso    f0   a0eng c</controlfield>
    <datafield ind1=" " ind2=" " tag="010">
      <subfield code="a">sn 96015042 </subfield>
    </datafield>
    <datafield ind1=" " ind2=" " tag="040">
      <subfield code="a">UND</subfield>
      <subfield code="b">eng</subfield>
      <subfield code="c">UND</subfield>
      <subfield code="d">AGL</subfield>
      <subfield code="d">NSD</subfield>
      <subfield code="d">GPO</subfield>
      <subfield code="d">OCLCQ</subfield>
      <subfield code="d">OCL</subfield>
      <subfield code="d">OCLCQ</subfield>
      <subfield code="d">GPO</subfield>
      <subfield code="d">OCLCQ</subfield>
      <subfield code="d">DLC</subfield>
      <subfield code="d">OCLCQ</subfield>
      <subfield code="d">OCLCA</subfield>
      <subfield code="d">OCLCQ</subfield>
      <subfield code="d">DLC</subfield>
      <subfield code="d">OCLCO</subfield>
      <subfield code="d">OCLCF</subfield>
      <subfield code="d">OCLCQ</subfield>
      <subfield code="d">VT2</subfield>
      <subfield code="d">OCLCO</subfield>
      <subfield code="d">GPO</subfield>
      <subfield code="d">OCLCO</subfield>
    </datafield>
    <datafield ind1=" " ind2=" " tag="012">
      <subfield code="i">9606</subfield>
      <subfield code="j">0</subfield>
    </datafield>
    <datafield ind1=" " ind2=" " tag="019">
      <subfield code="a">44286516</subfield>
      <subfield code="a">60637748</subfield>
    </datafield>
    <datafield ind1="0" ind2=" " tag="022">
      <subfield code="a">2473-2729</subfield>
      <subfield code="2">1</subfield>
    </datafield>
    <datafield ind1=" " ind2=" " tag="042">
      <subfield code="a">pcc</subfield>
      <subfield code="a">nsdp</subfield>
    </datafield>
    <datafield ind1=" " ind2=" " tag="043">
      <subfield code="a">n-us---</subfield>
    </datafield>
    <datafield ind1="1" ind2="4" tag="050">
      <subfield code="a">T173.8</subfield>
      <subfield code="b">.E52</subfield>
    </datafield>
    <datafield ind1="0" ind2=" " tag="070">
      <subfield code="a">T173.8.E52</subfield>
    </datafield>
    <datafield ind1=" " ind2="0" tag="072">
      <subfield code="a">X600</subfield>
    </datafield>
    <datafield ind1=" " ind2="0" tag="072">
      <subfield code="a">P100</subfield>
    </datafield>
    <datafield ind1=" " ind2="0" tag="072">
      <subfield code="a">P130</subfield>
    </datafield>
    <datafield ind1=" " ind2=" " tag="074">
      <subfield code="a">0429-T-41 (online)</subfield>
    </datafield>
    <datafield ind1="1" ind2="0" tag="082">
      <subfield code="a">500</subfield>
      <subfield code="2">12</subfield>
    </datafield>
    <datafield ind1="0" ind2=" " tag="086">
      <subfield code="a">E 1.53:</subfield>
    </datafield>
    <datafield ind1="0" ind2=" " tag="130">
      <subfield code="a">Science &amp; technology review (Livermore, Calif. : Online)</subfield>
    </datafield>
    <datafield ind1="0" ind2=" " tag="210">
      <subfield code="a">Sci. technol. rev.</subfield>
      <subfield code="b">(Livermore Calif., Online)</subfield>
    </datafield>
    <datafield ind1=" " ind2="0" tag="222">
      <subfield code="a">Science &amp; technology review</subfield>
      <subfield code="b">(Livermore, Calif. Online)</subfield>
    </datafield>
    <datafield ind1="1" ind2="0" tag="245">
      <subfield code="a">Science &amp; technology review /</subfield>
      <subfield code="c">Lawrence Livermore National Laboratory.</subfield>
    </datafield>
    <datafield ind1="3" ind2=" " tag="246">
      <subfield code="a">Science and technology review</subfield>
    </datafield>
    <datafield ind1="1" ind2="3" tag="246">
      <subfield code="a">S &amp; TR</subfield>
    </datafield>
    <datafield ind1="3" ind2=" " tag="246">
      <subfield code="a">S and TR</subfield>
    </datafield>
    <datafield ind1=" " ind2=" " tag="260">
      <subfield code="a">Livermore, CA :</subfield>
      <subfield code="b">Lawrence Livermore National Laboratory,</subfield>
      <subfield code="c">1995-</subfield>
    </datafield>
    <datafield ind1=" " ind2=" " tag="300">
      <subfield code="a">1 online resource (volumes)</subfield>
    </datafield>
    <datafield ind1=" " ind2=" " tag="310">
      <subfield code="a">Bimonthly,</subfield>
      <subfield code="b">2008-</subfield>
    </datafield>
    <datafield ind1=" " ind2=" " tag="321">
      <subfield code="a">Monthly,</subfield>
      <subfield code="b">July 1995-Nov./Dec. 1995</subfield>
    </datafield>
    <datafield ind1=" " ind2=" " tag="321">
      <subfield code="a">10 no. a year,</subfield>
      <subfield code="b">Jan./Feb. 1996-2007</subfield>
    </datafield>
    <datafield ind1=" " ind2=" " tag="336">
      <subfield code="a">text</subfield>
      <subfield code="b">txt</subfield>
      <subfield code="2">rdacontent</subfield>
    </datafield>
    <datafield ind1=" " ind2=" " tag="337">
      <subfield code="a">computer</subfield>
      <subfield code="b">c</subfield>
      <subfield code="2">rdamedia</subfield>
    </datafield>
    <datafield ind1=" " ind2=" " tag="338">
      <subfield code="a">online resource</subfield>
      <subfield code="b">cr</subfield>
      <subfield code="2">rdacarrier</subfield>
    </datafield>
    <datafield ind1="1" ind2=" " tag="362">
      <subfield code="a">Began with: July 1995.</subfield>
    </datafield>
    <datafield ind1=" " ind2=" " tag="515">
      <subfield code="a">Some issues combined.</subfield>
    </datafield>
    <datafield ind1=" " ind2=" " tag="520">
      <subfield code="a">The mission is to communicate, to a broad audience, the Laboratory's scientific and technological accomplishments particularly in the Laboratory's core mission areas--global security, energy and the environment, and bioscience and biotechnology. Includes summary of contents of each issue and lists of all recent patents.</subfield>
    </datafield>
    <datafield ind1=" " ind2=" " tag="538">
      <subfield code="a">Mode of access: Internet at the LLNL website. Previously available as of 3/7/1997: http://www.llnl.gov/str/str.html.</subfield>
    </datafield>
    <datafield ind1="0" ind2=" " tag="588">
      <subfield code="a">July 1995; title from cover (viewed Mar. 7, 1997).</subfield>
    </datafield>
    <datafield ind1="1" ind2=" " tag="588">
      <subfield code="a">Mar. 2021 (viewed June 30, 2021).</subfield>
    </datafield>
    <datafield ind1="2" ind2="0" tag="610">
      <subfield code="a">Lawrence Livermore National Laboratory</subfield>
      <subfield code="v">Periodicals.</subfield>
    </datafield>
    <datafield ind1=" " ind2="0" tag="650">
      <subfield code="a">Technological innovations</subfield>
      <subfield code="z">United States</subfield>
      <subfield code="v">Periodicals.</subfield>
    </datafield>
    <datafield ind1=" " ind2="0" tag="650">
      <subfield code="a">Technology</subfield>
      <subfield code="x">Scientific applications</subfield>
      <subfield code="z">United States</subfield>
      <subfield code="v">Periodicals.</subfield>
    </datafield>
    <datafield ind1=" " ind2="0" tag="650">
      <subfield code="a">Power resources</subfield>
      <subfield code="x">Technological innovations</subfield>
      <subfield code="z">United States</subfield>
      <subfield code="v">Periodicals.</subfield>
    </datafield>
    <datafield ind1=" " ind2="0" tag="650">
      <subfield code="a">Nuclear energy</subfield>
      <subfield code="x">Technological innovations</subfield>
      <subfield code="z">United States</subfield>
      <subfield code="v">Periodicals.</subfield>
    </datafield>
    <datafield ind1=" " ind2="0" tag="650">
      <subfield code="a">Military research</subfield>
      <subfield code="z">United States</subfield>
      <subfield code="v">Periodicals.</subfield>
    </datafield>
    <datafield ind1="2" ind2="7" tag="610">
      <subfield code="a">Lawrence Livermore National Laboratory.</subfield>
      <subfield code="2">fast</subfield>
      <subfield code="0">(OCoLC)fst00555610</subfield>
    </datafield>
    <datafield ind1=" " ind2="7" tag="650">
      <subfield code="a">Military research.</subfield>
      <subfield code="2">fast</subfield>
      <subfield code="0">(OCoLC)fst01021439</subfield>
    </datafield>
    <datafield ind1=" " ind2="7" tag="650">
      <subfield code="a">Nuclear energy</subfield>
      <subfield code="x">Technological innovations.</subfield>
      <subfield code="2">fast</subfield>
      <subfield code="0">(OCoLC)fst01040028</subfield>
    </datafield>
    <datafield ind1=" " ind2="7" tag="650">
      <subfield code="a">Power resources</subfield>
      <subfield code="x">Technological innovations.</subfield>
      <subfield code="2">fast</subfield>
      <subfield code="0">(OCoLC)fst01074371</subfield>
    </datafield>
    <datafield ind1=" " ind2="7" tag="650">
      <subfield code="a">Technological innovations.</subfield>
      <subfield code="2">fast</subfield>
      <subfield code="0">(OCoLC)fst01145002</subfield>
    </datafield>
    <datafield ind1=" " ind2="7" tag="651">
      <subfield code="a">United States.</subfield>
      <subfield code="2">fast</subfield>
      <subfield code="0">(OCoLC)fst01204155</subfield>
    </datafield>
    <datafield ind1=" " ind2="0" tag="655">
      <subfield code="a">Electronic journals.</subfield>
    </datafield>
    <datafield ind1=" " ind2="7" tag="655">
      <subfield code="a">Periodicals.</subfield>
      <subfield code="2">fast</subfield>
      <subfield code="0">(OCoLC)fst01411641</subfield>
    </datafield>
    <datafield ind1=" " ind2="7" tag="655">
      <subfield code="a">Periodicals.</subfield>
      <subfield code="2">lcgft</subfield>
    </datafield>
    <datafield ind1="2" ind2=" " tag="710">
      <subfield code="a">Lawrence Livermore National Laboratory.</subfield>
    </datafield>
    <datafield ind1="0" ind2="8" tag="776">
      <subfield code="i">Print version:</subfield>
      <subfield code="t">Science &amp; technology review (Livermore, Calif.)</subfield>
      <subfield code="x">1092-3055</subfield>
      <subfield code="w">(DLC)sn 95027710</subfield>
      <subfield code="w">(OCoLC)32875568</subfield>
    </datafield>
    <datafield ind1="0" ind2="0" tag="780">
      <subfield code="t">Energy &amp; technology review (Online)</subfield>
      <subfield code="w">(DLC)sn 96015043</subfield>
      <subfield code="w">(OCoLC)34917418</subfield>
    </datafield>
    <datafield ind1=" " ind2=" " tag="850">
      <subfield code="a">DNAL</subfield>
    </datafield>
    <datafield ind1="4" ind2="0" tag="856">
      <subfield code="u">https://purl.fdlp.gov/GPO/LPS1544</subfield>
    </datafield>
    <datafield ind1="4" ind2=" " tag="856">
      <subfield code="u">https://str.llnl.gov/</subfield>
    </datafield>
    <datafield ind1="1" ind2=" " tag="029">
      <subfield code="a">AU@</subfield>
      <subfield code="b">000012569608</subfield>
    </datafield>
    <datafield ind1="1" ind2=" " tag="029">
      <subfield code="a">AU@</subfield>
      <subfield code="b">000044943971</subfield>
    </datafield>
    <datafield ind1="1" ind2=" " tag="029">
      <subfield code="a">AU@</subfield>
      <subfield code="b">000045734574</subfield>
    </datafield>
    <datafield ind1="1" ind2=" " tag="029">
      <subfield code="a">NZ1</subfield>
      <subfield code="b">12143400</subfield>
    </datafield>
    <datafield ind1="1" ind2=" " tag="029">
      <subfield code="a">OCLCS</subfield>
      <subfield code="b">39450</subfield>
    </datafield>
    <datafield ind1="1" ind2=" " tag="029">
      <subfield code="a">OCLCS</subfield>
      <subfield code="b">OP-4526</subfield>
    </datafield>
  </record>
</recordData>
</record>