
<record>
<recordSchema>marcxml</recordSchema>
<recordPacking>xml</recordPacking>
<recordData>
<record xmlns="http://www.loc.gov/MARC21/slim">
    <leader>00000cam a2200000Ia 4500</leader>
    <controlfield tag="001">32916431</controlfield>
    <controlfield tag="008">950803s1995    azua     bf  s001 0 eng d</controlfield>
    <datafield ind1=" " ind2=" " tag="040">
      <subfield code="a">WCA</subfield>
      <subfield code="b">eng</subfield>
      <subfield code="c">WCA</subfield>
      <subfield code="d">AZS</subfield>
      <subfield code="d">AGL</subfield>
      <subfield code="d">OCL</subfield>
      <subfield code="d">OCLCQ</subfield>
      <subfield code="d">AGL</subfield>
      <subfield code="d">OCLCQ</subfield>
      <subfield code="d">OCLCF</subfield>
      <subfield code="d">OCLCO</subfield>
      <subfield code="d">OCL</subfield>
      <subfield code="d">OCLCQ</subfield>
      <subfield code="d">AZU</subfield>
    </datafield>
    <datafield ind1="0" ind2=" " tag="041">
      <subfield code="a">eng</subfield>
      <subfield code="a">spa</subfield>
    </datafield>
    <datafield ind1=" " ind2="4" tag="050">
      <subfield code="a">TD380</subfield>
      <subfield code="b">.F54 1995</subfield>
    </datafield>
    <datafield ind1="0" ind2=" " tag="070">
      <subfield code="a">TD380.F54</subfield>
      <subfield code="b">1995</subfield>
    </datafield>
    <datafield ind1=" " ind2="0" tag="072">
      <subfield code="a">P200</subfield>
    </datafield>
    <datafield ind1=" " ind2=" " tag="086">
      <subfield code="a">WRR 1.8:F 43</subfield>
      <subfield code="2">azdocs</subfield>
    </datafield>
    <datafield ind1="0" ind2="0" tag="245">
      <subfield code="a">Field manual for water quality sampling =</subfield>
      <subfield code="b">Manual de campo para el muestreo de la calidad del agua.</subfield>
    </datafield>
    <datafield ind1="3" ind2="1" tag="246">
      <subfield code="a">Manual de campo para el muestreo de la calidad del agua</subfield>
    </datafield>
    <datafield ind1=" " ind2=" " tag="260">
      <subfield code="a">Tucson, Ariz. :</subfield>
      <subfield code="b">Arizona Water Resources Research Center,</subfield>
      <subfield code="c">1995.</subfield>
    </datafield>
    <datafield ind1=" " ind2=" " tag="300">
      <subfield code="a">iv, 51, 57, iv :</subfield>
      <subfield code="b">illustrations ;</subfield>
      <subfield code="c">23 cm</subfield>
    </datafield>
    <datafield ind1=" " ind2=" " tag="336">
      <subfield code="a">text</subfield>
      <subfield code="b">txt</subfield>
      <subfield code="2">rdacontent</subfield>
    </datafield>
    <datafield ind1=" " ind2=" " tag="337">
      <subfield code="a">unmediated</subfield>
      <subfield code="b">n</subfield>
      <subfield code="2">rdamedia</subfield>
    </datafield>
    <datafield ind1=" " ind2=" " tag="546">
      <subfield code="a">In English and Spanish.</subfield>
    </datafield>
    <datafield ind1=" " ind2=" " tag="500">
      <subfield code="a">Cover title.</subfield>
    </datafield>
    <datafield ind1=" " ind2=" " tag="500">
      <subfield code="a">"This document was prepared ... in cooperation with the Arizona Department of Environmental Quality"--Page i.</subfield>
    </datafield>
    <datafield ind1=" " ind2=" " tag="500">
      <subfield code="a">"March 1995."</subfield>
    </datafield>
    <datafield ind1=" " ind2=" " tag="504">
      <subfield code="a">Includes bibliographical references.</subfield>
    </datafield>
    <datafield ind1=" " ind2=" " tag="500">
      <subfield code="a">"ADEQ TM-94-3."</subfield>
    </datafield>
    <datafield ind1=" " ind2=" " tag="530">
      <subfield code="a">Also available via remote access.</subfield>
    </datafield>
    <datafield ind1=" " ind2="0" tag="650">
      <subfield code="a">Water quality</subfield>
      <subfield code="x">Measurement</subfield>
      <subfield code="v">Handbooks, manuals, etc.</subfield>
    </datafield>
    <datafield ind1=" " ind2="0" tag="650">
      <subfield code="a">Water quality</subfield>
      <subfield code="x">Measurement</subfield>
      <subfield code="x">Equipment and supplies.</subfield>
    </datafield>
    <datafield ind1=" " ind2="7" tag="650">
      <subfield code="a">Water quality</subfield>
      <subfield code="x">Measurement.</subfield>
      <subfield code="2">fast</subfield>
      <subfield code="0">(OCoLC)fst01171854</subfield>
    </datafield>
    <datafield ind1=" " ind2="7" tag="650">
      <subfield code="a">Water quality</subfield>
      <subfield code="x">Measurement</subfield>
      <subfield code="x">Equipment and supplies.</subfield>
      <subfield code="2">fast</subfield>
      <subfield code="0">(OCoLC)fst01171859</subfield>
    </datafield>
    <datafield ind1=" " ind2="7" tag="655">
      <subfield code="a">Handbooks and manuals.</subfield>
      <subfield code="2">fast</subfield>
      <subfield code="0">(OCoLC)fst01423877</subfield>
    </datafield>
    <datafield ind1="2" ind2=" " tag="710">
      <subfield code="a">University of Arizona.</subfield>
      <subfield code="b">Water Resources Research Center.</subfield>
    </datafield>
    <datafield ind1="1" ind2=" " tag="710">
      <subfield code="a">Arizona.</subfield>
      <subfield code="b">Department of Environmental Quality.</subfield>
    </datafield>
    <datafield ind1="4" ind2=" " tag="856">
      <subfield code="u">http://www.ag.arizona.edu/AZWATER/publications/handbook/cover.html</subfield>
    </datafield>
    <datafield ind1="4" ind2=" " tag="856">
      <subfield code="u">http://ag.arizona.edu/azwater/publications/handbook/cover.html</subfield>
      <subfield code="z">FIND on the Web</subfield>
    </datafield>
  </record>
</recordData>
</record>