
<record>
<recordSchema>marcxml</recordSchema>
<recordPacking>xml</recordPacking>
<recordData>
<record xmlns="http://www.loc.gov/MARC21/slim">
    <leader>00000cam a2200000 a 4500</leader>
    <controlfield tag="001">33841013</controlfield>
    <controlfield tag="008">951023s1995    dcuab    bs  f000 0 eng d</controlfield>
    <datafield ind1=" " ind2=" " tag="010">
      <subfield code="a">   95217069 </subfield>
    </datafield>
    <datafield ind1=" " ind2=" " tag="040">
      <subfield code="a">DNAL</subfield>
      <subfield code="b">eng</subfield>
      <subfield code="c">DLC</subfield>
      <subfield code="d">BTCTA</subfield>
      <subfield code="d">AGL</subfield>
      <subfield code="d">OCLCO</subfield>
      <subfield code="d">OCLCA</subfield>
      <subfield code="d">OCLCF</subfield>
      <subfield code="d">OCLCQ</subfield>
      <subfield code="d">OCLCO</subfield>
      <subfield code="d">OCLCA</subfield>
      <subfield code="d">VPI</subfield>
    </datafield>
    <datafield ind1=" " ind2=" " tag="042">
      <subfield code="a">lccopycat</subfield>
    </datafield>
    <datafield ind1=" " ind2=" " tag="043">
      <subfield code="a">n-us---</subfield>
    </datafield>
    <datafield ind1="0" ind2="0" tag="050">
      <subfield code="a">HJ9157</subfield>
      <subfield code="b">.R44 1995</subfield>
    </datafield>
    <datafield ind1="0" ind2=" " tag="070">
      <subfield code="a">aHT392.A53</subfield>
      <subfield code="b">no.88</subfield>
    </datafield>
    <datafield ind1=" " ind2="0" tag="072">
      <subfield code="a">E550</subfield>
    </datafield>
    <datafield ind1="0" ind2=" " tag="086">
      <subfield code="a">A 93.41:88</subfield>
    </datafield>
    <datafield ind1="1" ind2=" " tag="100">
      <subfield code="a">Reeder, Richard</subfield>
      <subfield code="q">(Richard J.)</subfield>
    </datafield>
    <datafield ind1="1" ind2="0" tag="245">
      <subfield code="a">Rural government--poor counties, 1962-87 /</subfield>
      <subfield code="c">Richard J. Reeder, Anicca C. Jansen.</subfield>
    </datafield>
    <datafield ind1=" " ind2=" " tag="260">
      <subfield code="a">Washington, DC :</subfield>
      <subfield code="b">U.S. Dept. of Agriculture, Economic Research Service,</subfield>
      <subfield code="c">[1995]</subfield>
    </datafield>
    <datafield ind1=" " ind2=" " tag="300">
      <subfield code="a">iii, 27 pages :</subfield>
      <subfield code="b">illustrations, color maps ;</subfield>
      <subfield code="c">28 cm.</subfield>
    </datafield>
    <datafield ind1=" " ind2=" " tag="336">
      <subfield code="a">text</subfield>
      <subfield code="b">txt</subfield>
      <subfield code="2">rdacontent</subfield>
    </datafield>
    <datafield ind1=" " ind2=" " tag="337">
      <subfield code="a">unmediated</subfield>
      <subfield code="b">n</subfield>
      <subfield code="2">rdamedia</subfield>
    </datafield>
    <datafield ind1=" " ind2=" " tag="338">
      <subfield code="a">volume</subfield>
      <subfield code="b">nc</subfield>
      <subfield code="2">rdacarrier</subfield>
    </datafield>
    <datafield ind1="1" ind2=" " tag="490">
      <subfield code="a">Rural development research report ;</subfield>
      <subfield code="v">no. 88</subfield>
    </datafield>
    <datafield ind1=" " ind2=" " tag="500">
      <subfield code="a">Cover title.</subfield>
    </datafield>
    <datafield ind1=" " ind2=" " tag="500">
      <subfield code="a">"February 1995"--Page i.</subfield>
    </datafield>
    <datafield ind1=" " ind2=" " tag="504">
      <subfield code="a">Includes bibliographical references (pages 15-16).</subfield>
    </datafield>
    <datafield ind1=" " ind2="0" tag="650">
      <subfield code="a">County budgets</subfield>
      <subfield code="z">United States.</subfield>
    </datafield>
    <datafield ind1=" " ind2="0" tag="650">
      <subfield code="a">County government</subfield>
      <subfield code="z">United States.</subfield>
    </datafield>
    <datafield ind1=" " ind2="0" tag="650">
      <subfield code="a">County services</subfield>
      <subfield code="z">United States.</subfield>
    </datafield>
    <datafield ind1=" " ind2="0" tag="650">
      <subfield code="a">Government spending policy</subfield>
      <subfield code="z">United States.</subfield>
    </datafield>
    <datafield ind1=" " ind2="7" tag="650">
      <subfield code="a">County budgets.</subfield>
      <subfield code="2">fast</subfield>
      <subfield code="0">(OCoLC)fst00881474</subfield>
    </datafield>
    <datafield ind1=" " ind2="7" tag="650">
      <subfield code="a">County government.</subfield>
      <subfield code="2">fast</subfield>
      <subfield code="0">(OCoLC)fst00881490</subfield>
    </datafield>
    <datafield ind1=" " ind2="7" tag="650">
      <subfield code="a">County services.</subfield>
      <subfield code="2">fast</subfield>
      <subfield code="0">(OCoLC)fst00881545</subfield>
    </datafield>
    <datafield ind1=" " ind2="7" tag="650">
      <subfield code="a">Government spending policy.</subfield>
      <subfield code="2">fast</subfield>
      <subfield code="0">(OCoLC)fst00945615</subfield>
    </datafield>
    <datafield ind1=" " ind2="7" tag="651">
      <subfield code="a">United States.</subfield>
      <subfield code="2">fast</subfield>
      <subfield code="0">(OCoLC)fst01204155</subfield>
    </datafield>
    <datafield ind1="1" ind2=" " tag="700">
      <subfield code="a">Jansen, Anicca C.</subfield>
    </datafield>
    <datafield ind1="1" ind2=" " tag="710">
      <subfield code="a">United States.</subfield>
      <subfield code="b">Department of Agriculture.</subfield>
      <subfield code="b">Economic Research Service.</subfield>
    </datafield>
    <datafield ind1=" " ind2="0" tag="830">
      <subfield code="a">Rural development research report ;</subfield>
      <subfield code="v">no. 88.</subfield>
    </datafield>
    <datafield ind1=" " ind2=" " tag="938">
      <subfield code="a">Baker and Taylor</subfield>
      <subfield code="b">BTCP</subfield>
      <subfield code="n">95217069</subfield>
    </datafield>
  </record>
</recordData>
</record>
</records>
<nextRecordPosition>101</nextRecordPosition>
<resultSetIdleTime/>
<echoedSearchRetrieveRequest xmlns:srw="http://www.loc.gov/zing/srw/">
<version>1.1</version>
<query>srw.no all "33139883" or srw.no all "33139900" or srw.no all "32992546" or srw.no all "33158865" or srw.no all "33213883" or srw.no all "33227572" or srw.no all "33212590" or srw.no all "33212590" or srw.no all "33241223" or srw.no all "33268906" or srw.no all "29781254" or srw.no all "56406380" or srw.no all "33329005" or srw.no all "33455285" or srw.no all "33470777" or srw.no all "33480718" or srw.no all "33487423" or srw.no all "33487439" or srw.no all "33487446" or srw.no all "33487454" or srw.no all "33487462" or srw.no all "33487407" or srw.no all "33665470" or srw.no all "33839674" or srw.no all "33078080" or srw.no all "33838887" or srw.no all "32823832" or srw.no all "33809153" or srw.no all "33868642" or srw.no all "33598619" or srw.no all "32897874" or srw.no all "32897874" or srw.no all "32897874" or srw.no all "33868062" or srw.no all "33869488" or srw.no all "33879121" or srw.no all "32578186" or srw.no all "33889047" or srw.no all "33315975" or srw.no all "32664247" or srw.no all "33850528" or srw.no all "33223434" or srw.no all "33893098" or srw.no all "33962706" or srw.no all "32894627" or srw.no all "33981685" or srw.no all "33841013" or srw.no all "33955116" or srw.no all "33985051" or srw.no all "j001299431494031" or srw.no all "33981066" or srw.no all "34060720" or srw.no all "34063194" or srw.no all "32271212" or srw.no all "34077503" or srw.no all "34087811" or srw.no all "34087811" or srw.no all "34088395" or srw.no all "34099379" or srw.no all "33496633" or srw.no all "33850597" or srw.no all "34063136" or srw.no all "34084884" or srw.no all "34139917" or srw.no all "34139917" or srw.no all "31467813" or srw.no all "34128892" or srw.no all "34146638" or srw.no all "34189020" or srw.no all "34166700" or srw.no all "33197885" or srw.no all "34186079" or srw.no all "33886186" or srw.no all "34142774" or srw.no all "34199690" or srw.no all "34292889" or srw.no all "32695266" or srw.no all "34353563" or srw.no all "34340709" or srw.no all "34342130" or srw.no all "34340733" or srw.no all "34099496" or srw.no all "34434625" or srw.no all "34404754" or srw.no all "34416004" or srw.no all "34416004" or srw.no all "30387765" or srw.no all "32636280" or srw.no all "34508044" or srw.no all "34508665" or srw.no all "34518861" or srw.no all "34521352" or srw.no all "34543361" or srw.no all "54427725" or srw.no all "54427725" or srw.no all "34595403" or srw.no all "34347070" or srw.no all "34659680" or srw.no all "34638820" or srw.no all "34555201" or srw.no all "34659551" or srw.no all "34659695" or srw.no all "34663636" or srw.no all "34325943" or srw.no all "34700452" or srw.no all "34728625" or srw.no all "34491931" or srw.no all "34748115" or srw.no all "34748500" or srw.no all "34728592" or srw.no all "34760983" or srw.no all "34828907" or srw.no all "33227051" or srw.no all "34849028" or srw.no all "34851936" or srw.no all "34876508" or srw.no all "34904065" or srw.no all "34344933" or srw.no all "34344933" or srw.no all "34901277" or srw.no all "34901258" or srw.no all "33979727" or srw.no all "34917418" or srw.no all "34911423" or srw.no all "34980481" or srw.no all "34283431" or srw.no all "34993081" or srw.no all "34991753" or srw.no all "34992181" or srw.no all "35019315" or srw.no all "18930021" or srw.no all "34582491" or srw.no all "35020804" or srw.no all "35020890" or srw.no all "35020976" or srw.no all "35059423" or srw.no all "35070655" or srw.no all "35072846" or srw.no all "35090631" or srw.no all "35107882" or srw.no all "35101144" or srw.no all "34717011" or srw.no all "35125542" or srw.no all "32916431" or srw.no all "27964547" or srw.no all "35183414" or srw.no all "32681050" or srw.no all "35045272" or srw.no all "35230432" or srw.no all "35086749" or srw.no all "35244381" or srw.no all "35244587" or srw.no all "35244472" or srw.no all "31431937" or srw.no all "35268461" or srw.no all "34928958" or srw.no all "34928958" or srw.no all "35286074" or srw.no all "35314712" or srw.no all "34473922" or srw.no all "35326974" or srw.no all "19092366" or srw.no all "31814400" or srw.no all "32876374" or srw.no all "34268892" or srw.no all "35448725" or srw.no all "35524729" or srw.no all "32178417" or srw.no all "35369633" or srw.no all "25168855" or srw.no all "35622945" or srw.no all "35625112" or srw.no all "35631849" or srw.no all "35633006" or srw.no all "35646966" or srw.no all "35655055" or srw.no all "35655094" or srw.no all "35662265" or srw.no all "35662524" or srw.no all "30724368" or srw.no all "32420812" or srw.no all "35695768" or srw.no all "35695768" or srw.no all "35673747" or srw.no all "35664965" or srw.no all "35674747" or srw.no all "35817670" or srw.no all "35793490" or srw.no all "33877893" or srw.no all "35094162" or srw.no all "35791911" or srw.no all "35516091" or srw.no all "33954421" or srw.no all "32425525" or srw.no all "35853992"</query>
<maximumRecords>100</maximumRecords>
<recordSchema>marcxml</recordSchema>
<recordPacking>xml</recordPacking>
<startRecord>1</startRecord>
<sortKeys>relevance</sortKeys>
<wskey>toWgNglVKaiZBYgIM5mKSfufFxcIgFXPT01Q9vvuGZY0wne73FNEr3kwG6qykq7awj5lOPQI6XxUHX3U</wskey>
<servicelevel>full</servicelevel>
</echoedSearchRetrieveRequest>
</searchRetrieveResponse>
